3048 4760
387 427 651 474 consrrromouns
672 428 808 476 ernanus
828 427 983 474 morosus.
1026 412 1116 474 12⁷9.
1205 413 1267 476 585

236 581 447 648 sollicitudine
470 581 608 662 pendent
628 599 755 655 eorum,
777 601 834 662 per
857 579 1130 662 archidiaconum,
1150 599 1267 664 prepo-

236 694 323 768 sitos,
344 702 377 758 et
398 691 487 767 alios,
508 700 540 754 et
560 693 687 754 demum
708 713 766 774 per
786 692 963 774 episcopos,
984 693 1099 773 quium
1117 693 1266 766 subsunt,

236 807 434 888 corrigantur
448 812 480 868 et
494 802 661 868 salubriter
677 803 894 870 emendentur.

318 913 382 998 (nc)
404 914 547 978 Prosenti
562 933 688 997 quoque
704 915 933 977 constitucione
954 914 1149 977 declaramus
1171 921 1265 997 atque

237 1027 447 1100 decernimus,
472 1026 557 1108 quod
580 1025 776 1088 consuetudo
799 1026 974 1090 secundum
993 1044 1088 1107 quam
1110 1027 1267 1090 archidia-

237 1139 311 1202 coni
330 1137 492 1219 llurrgarie
514 1156 572 1218 pro
592 1137 704 1198 occisis
724 1137 828 1218 gladio
849 1137 1037 1211 siuefuste,
1058 1137 1109 1200 uel
1132 1137 1267 1202 aliorum

238 1269 395 1314 armorum
410 1269 542 1331 genere,
564 1269 623 1310 seu
637 1267 762 1310 ueneno
777 1255 831 1310 ant
845 1267 1034 1330 quocunque
1044 1247 1118 1312 alio
1138 1250 1266 1310 darona-

237 1359 293 1424 bili
306 1369 339 1424 ct
353 1361 522 1443 reprobato
536 1361 647 1433 modo,
671 1367 905 1424 consueuerant
917 1361 1060 1442 recipere
1074 1379 1169 1422 uuam
1184 1380 1266 1422 mar-

238 1471 329 1535 cbam
354 1471 491 1553 argenti,
519 1479 687 1552 antequam
709 1471 735 1532 si
755 1471 849 1534 occisi
872 1472 1034 1535 tradantur
1056 1470 1265 1534 ecclesiastice

235 1581 409 1664 sepulture.
437 1583 478 1646 ad
492 1602 548 1644 eos
563 1582 617 1664 qui
632 1581 761 1646 fulmine
777 1583 918 1664 percussi
940 1574 992 1645 uel
1006 1582 1185 1644 fluminibus
1201 1581 1266 1644 suf-

237 1694 346 1770 focati,
370 1693 474 1758 exusti
498 1692 656 1766 incendio,
683 1692 849 1755 arboribus
875 1695 1018 1775 oppressi
1041 1701 1094 1758 aut
1118 1695 1157 1756 de
1182 1713 1264 1776 equo

237 1806 396 1878 cadentes,
417 1805 468 1869 uel
490 1803 558 1866 aliis
579 1803 742 1879 similibus,
763 1805 830 1866 siue
851 1805 1018 1871 fortunatis
1036 1806 1159 1872 casibus
1182 1805 1265 1871 diem

237 1911 417 1986 clauserunt
439 1922 632 1990 extremum,
653 1935 715 1984 seu¹
728 1915 869 1980 interiise
883 1907 1265 1991 noscuntur,'nullatenus

237 2025 461 2098 extendentur,
492 2045 550 2088 nec
575 2026 614 2091 ab
638 2045 750 2088 eorum
773 2026 960 2100 heredibus,
990 2029 1174 2110 propinguis
1196 2027 1265 2089 siue

237 2139 343 2202 amicis
363 2157 467 2214 marca
488 2137 666 2200 huiusmodi
690 2137 841 2217 exigatur,
862 2139 921 2200 sed
937 2137 982 2203 sic
996 2138 1153 2211 defuncti,
1173 2139 1265 2200 dum-

236 2250 331 2316 modo
345 2249 523 2331 penitentes
539 2247 742 2322 decesserint,
752 2248 805 2310 uel
818 2249 851 2310 in
866 2255 967 2310 morte
982 2247 1160 2328 penitencie
1174 2249 1266 2329 sigua

237 2361 436 2443 apparuerint
460 2359 643 2433 manifesta,
677 2359 757 2422 sicut
781 2358 832 2420 alii
859 2357 1025 2426 Christiani
1054 2356 1291 2423 ecclesiastice

236 2472 395 2554 sepulture
410 2473 583 2534 tradantur.
608 2471 820 2536 archidiaconi
834 2490 912 2534 nero
929 2491 985 2551 per
998 2489 1074 2534 suos
1088 2469 1264 2532 ordinarios

237 2583 277 2648 ab
292 2579 473 2648 huiusmodi
487 2577 651 2650 exactione
665 2583 803 2647 indebita
818 2591 991 2646 arceantur.
1014 2619 1018 2626 ·

230 2683 235 2699 ”
318 2693 382 2776 (ll)
405 2694 597 2756 Probibeaut
617 2694 816 2767 sacerdotes,
836 2713 877 2755 ne
892 2691 976 2754 Laici
997 2692 1122 2774 publice
1137 2699 1265 2756 teneant

237 2806 449 2879 concubinas,
470 2813 502 2868 et
515 2805 570 2887 qui
583 2813 656 2886 post
670 2804 930 2870 ammonicionem
944 2804 1096 2878 tenuerit,
1117 2812 1180 2866 tam
1196 2804 1265 2884 ipse

236 2938 331 3001 quom
346 2917 415 3003 ipsa
428 2917 467 2980 ab
481 2916 626 2998 ingressu
641 2915 772 2980 ecclesie
788 2923 973 2988 arceantur,
993 2922 1026 2976 ct
1042 2915 1069 2978 si
1083 2935 1141 2996 per
1155 2915 1214 2976 bos
1229 2935 1265 2976 se

236 3049 301 3094 non
325 3028 577 3102 emendauerint,
599 3047 657 3110 per
678 3047 753 3090 suos
778 3027 963 3090 diocesanos
987 3025 1106 3087 sorcius
1126 3025 1265 3106 compcl-

234 3143 350 3206 lautur.

318 3249 383 3334 (48)
405 3251 484 3316 Cum
501 3273 541 3316 ex
563 3251 723 3316 uicinitatc
742 3251 881 3333 turpium
899 3249 1065 3312 mulierum
1080 3256 1111 3312 et
1126 3249 1264 3312 maxime

235 3355 434 3427 meretricum
453 3361 662 3444 publicarum,
684 3383 746 3444 que
769 3379 903 3444 corpora
922 3377 1058 3444 suaffpco
1071 3360 1139 3424 oilli
1153 3360 1262 3443 precio

234 3476 287 3540 uel
309 3477 456 3540 mercede
477 3475 603 3544 ucualia
619 3473 841 3538 indifferenter
862 3451 1039 3560 appartient,
1067 3453 1173 3535 multis
1194 3473 1263 3555 ple·

233 3607 366 3670 rumque
391 3588 526 3670 pacandi
554 3587 678 3650 occasio
703 3587 907 3661 ministretur,
939 3594 974 3648 ut
999 3588 1038 3648 de
1063 3585 1173 3648 multis
1192 3585 1265 3648 aliis

232 3699 421 3780 specialibus
435 3706 468 3762 et
480 3698 722 3780 temporalibus,
744 3714 807 3778 que
820 3696 960 3779 pessime
973 3717 1014 3759 cx
1026 3713 1135 3760 ¹orarum
1149 3694 1262 3760 uicini-

151 3862 154 3867 .
230 3819 294 3876 tate
316 3811 485 3874 damnabili
506 3809 923 3891 consueueruntrcontigere
942 3807 1090 3889 periodis
1109 3816 1261 3884 taceatur,

231 3921 540 4006 religiotlbristiaua
565 3941 602 3984 ac
625 3921 795 3984 multorum
816 3921 972 3984 bonorum
995 3920 1143 3984 honestas
1157 3939 1261 3983 ¹cnor-

231 4035 323 4100 u'ritcr
343 4033 531 4107 infamatur,
552 4032 728 4105 statuimus,
749 4031 835 4113 quod
852 4031 940 4094 nulla
958 4050 1094 4114 persona
1114 4030 1261 4094 ccclesia·

226 4147 309 4212 stica
333 4146 512 4212 aut-eciam
532 4142 683 4210 secularis
703 4143 904 4219 uniuersitas,
924 4143 1092 4226 collegium
1110 4141 1163 4204 uel
1184 4159 1261 4204 con-

231 4265 357 4338 uentus,
376 4255 560 4326 huiusmodi
580 4254 713 4324 infamas
732 4261 764 4324 et
784 4253 1034 4421 abbomiuonadeas
1056 4269 1206 4336 personas
1226 4252 1260 4320 io
