2904 4754
284 393 345 458 550
399 407 543 454 cansam
564 407 610 454 ιιι.
632 407 723 454 mers
747 407 899 454 nuaram
923 405 1178 457 mensurarum.
1222 391 1321 456 12⁷9.

282 571 336 628 eut
356 561 482 626 curialis
501 579 608 624 comes
628 560 769 626 eiusdem
788 561 977 624 descensum
993 560 1153 636 facerent,
1174 562 1320 624 coiecto

282 675 424 738 adebito
446 672 704 736 commutacionis
727 672 897 734 descensus
917 671 1014 734 iidem
1030 672 1248 755 iobbagyones
1265 693 1320 736 ca-

282 787 337 850 stri
358 793 464 848 essent
486 783 642 865 expediti,
672 783 699 844 si
720 801 797 846 uere
813 783 1001 846 descensum
1015 801 1079 846 non
1093 783 1253 860 lacerent,
1278 805 1320 848 ex

281 908 356 962 tunc
371 895 469 960 semel
482 897 514 958 in
529 913 622 968 anno,
643 895 763 958 scilicet
777 895 861 956 circu
875 893 991 958 festum
1005 896 1103 958 sancti
1118 895 1246 959 Martini
1266 917 1320 959 ra-

282 1009 372 1072 cione
388 1008 529 1070 eiusdem
542 1007 712 1068 descensus
728 1005 833 1068 comiti
848 1013 958 1068 nostro
973 1006 1083 1068 decem
1099 1015 1131 1070 et
1145 1015 1218 1070 octo
1234 1027 1320 1089 pen-

282 1139 333 1183 ses
362 1118 457 1182 iidem
483 1117 695 1199 iohhegyones
724 1117 799 1180 dare
826 1123 1021 1190 tenerentur,
1053 1127 1084 1181 et
1111 1119 1169 1180 sub
1197 1120 1319 1181 eadem
1439 1111 1441 1172 l

282 1230 383 1292 forma
406 1229 533 1292 racione
559 1227 729 1290 descensus
758 1227 858 1290 nostri
885 1227 917 1290 iu
946 1227 1027 1290 testo
1055 1229 1193 1308 predicto
1221 1231 1318 1292 nobis

282 1351 352 1408 octo
367 1359 489 1406 merces
504 1339 630 1405 soluere
643 1345 838 1412 tenerentur,
858 1357 897 1402 eo
912 1339 997 1422 quod
1012 1359 1072 1402 nec
1083 1339 1177 1404 lodex
1191 1349 1319 1415 nectere

281 1475 342 1518 uec
363 1452 488 1518 curialis
512 1470 619 1514 comes
640 1451 739 1530 ipsius
759 1450 793 1512 la
813 1449 921 1514 eundo
941 1469 1053 1514 uersus
1067 1449 1167 1526 Gord,
1188 1451 1245 1514 uel
1263 1474 1317 1516 re-
1440 1455 1441 1462 ’

282 1567 410 1630 deundo
431 1566 621 1628 descensum
641 1562 746 1624 facere
767 1567 895 1641 possent
912 1559 994 1622 iuter
1008 1560 1104 1642 ipsos,
1125 1562 1177 1626 uel
1190 1562 1316 1626 familia

280 1677 480 1748 eorumdem,
502 1683 556 1738 nul
569 1681 686 1736 nostra.

364 1789 430 1862 (2)
456 1786 533 1847 Item
556 1793 708 1868 quantum
732 1782 891 1846 inhabita
916 1783 1151 1868 composicione
1174 1787 1314 1850 aduerse

283 1898 364 1982 parti
388 1899 516 1969 darent,
536 1895 732 1958 tantumdem
752 1895 846 1958 iudici
865 1896 940 1958 dare
963 1904 1156 1972 tenerentur,
1176 1917 1238 1960 nec
1257 1899 1315 1962 ali-

282 2012 352 2094 quis
373 2008 624 2092 possessiouatus
643 2007 772 2070 racione
790 2005 923 2070 alicuius
946 2007 1044 2070 debiti
1065 2007 1193 2073 deberet
1210 2011 1315 2092 cepti·

281 2121 360 2196 uari.

363 2235 423 2314 (3)
445 2233 478 2296 Si
503 2233 574 2316 quis
598 2249 677 2294 uero
701 2249 740 2292 ex
760 2229 837 2312 ipsis
850 2230 1053 2298 contumacia
1075 2231 1314 2316 ductususque

280 2349 450 2431 septimum
463 2343 630 2413 terminum
645 2342 707 2409 iuri
719 2361 831 2424 parere
843 2340 1025 2426 negligeret,
1041 2323 1153 2424 penam
1167 2343 1314 2410 eiusdem

281 2457 441 2526 terrestris
458 2475 564 2519 comcs
583 2453 694 2518 iudicis
716 2453 815 2518 nostri
835 2453 967 2534 predicti
982 2453 1124 2535 recipere
1140 2462 1317 2532 teneretur,

281 2577 314 2634 et
327 2576 487 2649 receptam
501 2566 562 2648 ipsi
576 2565 681 2628 comiti
696 2573 805 2628 nostro
819 2566 979 2647 assignare
988 2611 1002 2644 „
1019 2585 1078 2628 nec
1101 2565 1212 2648 aliquis
1226 2567 1314 2635 inter

280 2683 366 2764 ipsos
387 2677 544 2745 terrestris
562 2697 672 2740 comes
691 2695 761 2741 esse
782 2684 904 2760 posset,
926 2677 986 2740 nisi
1007 2677 1046 2740 de
1060 2678 1218 2744 communi
1234 2698 1313 2742 con-

281 2811 376 2860 sensu
395 2792 598 2864 eorumdem,
620 2797 652 2852 et
672 2789 800 2864 euoluto
815 2789 949 2853 termino
965 2788 1040 2868 anui
1059 2795 1242 2855 terrestrem
1258 2809 1313 2860 cp-

279 2905 422 2971 mictum
435 2901 610 2968 reneuaudi
624 2901 780 2968 haberent
793 2899 985 2964 facultatem.

363 3014 422 3090 (l)
452 3015 688 3081 Subiunrcruot
714 3011 831 3085 eciam,
862 3011 949 3094 quod
972 3008 1078 3078 nullus
1105 3008 1311 3079 collectorum

275 3128 485 3212 iolrltegicnes
505 3124 539 3187 in
559 3143 634 3188 cura
654 3143 766 3188 cerum
784 3122 1007 3206 icbhagicaum
1022 3122 1116 3196 castri
1138 3122 1311 3190 existentes

279 3240 405 3312 dimndi
425 3237 557 3300 haberet
578 3237 760 3316 opcionem,
780 3254 841 3299 nce
862 3235 989 3298 racione
1008 3234 1199 3300 iudiciorum
1215 3254 1311 3298 exer-
1395 3280 1398 3284 -

279 3352 360 3424 citum
373 3350 459 3432 ipsos
475 3366 641 3430 possemus
652 3364 836 3430 amouere,
858 3346 917 3408 nisr
909 3345 1044 3426 eadem
1060 3344 1192 3412 collecta
1207 3367 1311 3413 emer·

278 3467 406 3544 gerelm
419 3477 477 3540 per
489 3475 627 3538 regnum
635 3457 857 3538 supradictum
910 3515 913 3520 .
1423 3537 1429 3546 ἱ

359 3566 573 3646 (secedatis)
592 3588 669 3633 uero
677 3587 790 3635 eomes
803 3567 1020 3651 Zagralricusis
1040 3509 1225 3650 predictam
1219 3567 1310 3646 maus

278 3699 421 3764 uuquam
433 3686 575 3760 tempore
589 3688 696 3761 posset
710 3679 898 3742 descensum
912 3677 1041 3740 facere
1033 3686 1115 3744 anter
1127 3678 1228 3760 ipsos.

361 3793 426 3854 Nos
434 3792 540 3874 itaque
548 3791 676 3866 auditis,
686 3789 894 3854 etintellectie
901 3788 1099 3855 liberemus
1110 3791 1310 3872 supradietis,

277 3904 422 3980 uplemee
443 3903 571 3986 plenius
588 3901 753 3972 certificari
772 3901 812 3966 de
836 3901 974 3976 eisdem,
998 3900 1164 3968 uniuersos
1184 3902 1311 3970 nntius

276 4015 379 4100 regni,
411 4033 546 4096 quorum
571 4014 738 4076 multitude
763 4013 871 4076 aderat
894 4012 1038 4096 copiosa,
1069 4012 1317 4096 requisierimus„

278 4126 333 4212 qui
353 4124 543 4198 unanimiter
555 4123 749 4198 retulerunt,
763 4125 854 4208 ‚prod
872 4123 971 4193 iidem
983 4123 1189 4208 iobhagiones
1202 4123 1310 4199 castri,

278 4221 472 4331 ιιιιιιιοιι,
493 4235 581 4300 cuius
594 4255 662 4301 non
674 4235 958 4318 occidissemus,
976 4235 1010 4300 iu
1023 4235 1228 4314 libertmiltns
1234 4257 1309 4320 pre»
