2904 4754
286 399 347 466 teo
387 417 474 464 esen
489 417 530 462 n.
549 415 700 464 sessuris
714 413 871 461 noserrmr
885 411 1184 463 osnsrrsmssn.
1233 397 1322 462 test.

285 573 359 636 item
374 569 508 654 quilibet
522 587 631 632 currus
645 567 804 650 lignorum
822 567 943 631 intrans
955 573 1092 632 cestrum
1107 566 1208 630 debet
1223 566 1325 630 dimit·

287 692 353 748 tere
367 683 399 744 in
415 690 506 764 porta
520 699 616 744 unum
631 679 760 764 lignum.

368 795 403 858 in
414 795 502 858 cuius
516 793 561 856 rei
572 792 785 857 testimonium
801 799 964 874 presentes
974 789 1081 854 litores
1093 791 1324 865 concessimus,

288 904 420 987 duplicis
435 903 531 985 sigiiii
543 902 641 968 nostri
657 901 829 966 munimine
842 903 1017 966 roboratos.
1051 903 1168 966 Datum
1182 923 1248 984 per
1261 921 1326 966 mu-

287 1037 348 1082 nus
369 1016 509 1100 magistri
532 1016 708 1098 Srnnregdi,
737 1015 808 1080 sule
830 1022 937 1078 nostro
958 1012 1153 1088 cancellarii,
1172 1013 1324 1078 Albensis

289 1127 392 1191 electi.
422 1127 514 1188 Auno
535 1125 654 1188 domini
673 1125 820 1188 MCCLV.
843 1131 956 1188 octauo
979 1124 1040 1188 hei.
1057 1124 1203 1208 Augusti.
1236 1122 1325 1208 regui

289 1247 394 1304 eutem
410 1237 507 1302 nostri
522 1255 605 1300 anuo
619 1237 784 1320 trigesimo.

634 1475 976 1502 m

586 1665 742 1740 BELAE
774 1666 839 1742 lv.
865 1665 1023 1742 neuls

373 1811 575 1897 menits
599 1809 811 1896 sustituit
835 1809 1244 1896 substitissem

718 1957 893 2019 nucsvn.
1143 1962 1146 1968 ·
1229 1947 1233 1952 ’

538 2101 560 2152 Ε
578 2097 749 2162 herebertus,
767 2097 848 2149 Notit.
863 2097 997 2164 prniimin.
1016 2097 1071 2149 tto.

372 2359 447 2422 Boia
462 2359 513 2420 dei
528 2359 634 2440 gracia
649 2356 809 2439 Hungerie
824 2363 884 2419 etc.
898 2375 964 2419 rex.

373 2468 551 2532 Sublimitas
571 2467 671 2550 regia,
700 2467 789 2534 cuins
813 2475 861 2530 est
881 2467 1042 2548 proprium
1065 2467 1098 2530 in
1121 2466 1318 2532 multitudine
1430 2465 1431 2468 ’

290 2577 399 2660 ΡθΡῑῑῙῑ
420 2577 565 2659 bimari,
587 2577 668 2644 sciet
683 2579 869 2658 amphorem
884 2579 1016 2642 subditis
1031 2580 1207 2642 concedere
1218 2579 1317 2644 iiber·

290 2697 400 2762 tutem,
416 2697 449 2750 ut
462 2709 519 2770 per
530 2688 589 2750 hoc
604 2688 827 2752 famolancium
842 2709 993 2753 numerus
1005 2699 1166 2773 nugentur.
1188 2689 1316 2772 proinde

292 2802 332 2866 nd
346 2801 567 2864 uniuersorum
587 2801 735 2864 noticiam
750 2807 860 2864 tenore
874 2800 1072 2882 presencium
1088 2798 1235 2867 uolumus
1250 2818 1315 2883 per·
1429 2788 1430 2803 ¹

291 2909 417 2986 uenire,
439 2912 523 2993 quod
538 2911 680 2993 hospites
700 2913 797 2974 nostri
813 2913 852 2974 de
866 2912 1096 2985 isstrebarshrt,
1118 2912 1315 2976 de‘oomitstu

293 3024 334 3088 de
348 3023 521 3106 Pnigeus,
549 3023 640 3086 nohis
665 3021 824 3085 humiliter
844 3021 1120 3104 supplicauerunt,
1141 3031 1176 3084 ut
1195 3023 1317 3088 liberto·
1427 3106 1429 3114 J

292 3143 374 3208 tem,
395 3154 457 3216 qua
476 3141 606 3198 utuntur
619 3132 761 3214 hospites
781 3133 881 3196 nostri
902 3134 942 3195 de
957 3120 1142 3204 Petrinia'et
1156 3135 1196 3196 de
1211 3135 1315 3199 ano·

292 3246 351 3307 ber
375 3245 422 3306 eis
449 3245 624 3306 concedere
649 3245 861 3326 dignoremur.
905 3245 993 3308 cuius
1019 3245 1146 3326 quidem
1170 3241 1316 3310 libertatis

293 3355 394 3418 forma
409 3354 467 3417 hcc
481 3362 543 3416 est:

375 3465 436 3539 (1)
458 3463 496 3524 Ut
508 3463 655 3526 uidelicet
670 3482 725 3526 ecs
740 3464 842 3527 nulius
857 3465 994 3530 iudicum
1009 3475 1200 3538 nostrorum,
1220 3473 1317 3546 preter

294 3575 445 3638 maiorem
467 3571 541 3636 uiiie
557 3574 746 3649 eorundem,
768 3593 863 3656 quem
881 3575 1058 3640 uoluntario
1081 3576 1247 3659 clegerint,
1267 3593 1316 3640 en·
1430 3566 1431 3570 ’

295 3685 531 3750 deatiudieure.
1250 3755 1254 3760 ,

334 3798 339 3808 “
377 3798 437 3870 (2)
456 3797 497 3858 Et
517 3797 543 3858 si
562 3797 601 3860 ub
621 3796 763 3878 ipserum
782 3797 885 3864 iudice
900 3799 1166 3880 conquerentibus
1180 3794 1319 3864 satisfieri

293 3927 359 3972 uun
372 3907 487 3989 possit,
508 3907 603 3974 index
618 3927 729 3972 eorum
742 3907 775 3970 in
791 3916 898 3972 nostre
912 3909 1092 3990 presencie,
1113 3919 1146 3977 et
1159 3931 1224 3974 uon
1238 3911 1317 3981 alite

295 4039 392 4102 snper
405 4019 473 4099 ipso
487 4037 584 4082 consa
598 4019 707 4110 citatus
721 3998 867 4090 teneatur
881 4026 913 4082 et
929 4021 1263 4103 debeetrespondere.

378 4129 436 4204 (3)
455 4129 496 4196 Et
508 4127 542 4190 iu
557 4147 746 4212 quocunque
761 4149 837 4193 casu
858 4131 940 4194 inter
952 4131 1039 4212 ipsos
1060 4131 1202 4212 hospites
1217 4139 1320 4196 centn

296 4249 462 4310 extraneos
477 4239 609 4324 aliquos,
630 4241 683 4306 uel
696 4261 755 4325 per
769 4249 936 4308 extraneos
950 4251 1060 4308 contra
1077 4244 1165 4330 ipsos
1182 4243 1319 4332 hospites
