2904 4754
216 403 622 471 metamaucenses
631 407 968 470 nosrrruunnmma.
990 391 1082 458 rata.
1121 389 1184 462 aaa

150 561 270 637 uerint,
284 562 414 632 eosdem
428 561 561 628 ecclesie
572 563 675 646 ipsius
688 564 824 646 palatino
838 565 880 628 ad
893 564 1044 630 iudicium
1057 565 1182 630 ardere

149 673 385 738 tenentursine
399 693 498 736 mura.
1177 733 1180 736 .

202 781 437 866 ‚Quasquidem
446 784 650 860 donaciones,
658 784 818 850 libertates
826 786 1087 868 etexempciones
1096 795 1183 852 certo

149 895 270 964 certius
282 894 479 976 indagantes,
492 895 682 974 iuuenimus,
699 897 835 962 uidimus
849 906 881 962 et
893 898 1042 964 soluimus
1056 917 1184 980 semper

150 1004 343 1088 pertinuisse
365 1013 397 1068 et
410 1005 569 1088 perfluere
584 1007 624 1070 ad
640 1007 805 1070 ecelesiam
819 1007 1076 1090 strigoniensem.
1105 1027 1184 1091 qua·

150 1123 286 1200 propter
305 1135 417 1180 omues
435 1115 598 1198 predictas
621 1117 812 1186 donaciones
832 1118 1027 1193 libertatum,
1056 1138 1185 1200 exemp-

151 1227 282 1300 tionum,
298 1233 332 1290 et
350 1225 507 1299 fructuum
527 1229 777 1311 percepcionurn
798 1229 831 1290 in
853 1238 919 1292 toto
941 1236 973 1292 et
994 1228 1027 1292 in
1044 1227 1185 1310 qualibet

151 1338 204 1402 sui
219 1346 322 1420 parte,
343 1339 518 1412 uniuersas,
540 1337 760 1404 uniuersaliter
779 1345 811 1402 et
831 1338 969 1420 singulas
987 1337 1183 1421 singillatim,

153 1451 196 1514 de
211 1469 367 1532 consensu
382 1450 534 1528 consortis
548 1459 657 1515 nostre
679 1449 840 1536 carmeime
859 1450 968 1532 regine
991 1469 1027 1516 ac
1043 1451 1189 1514 omnium

152 1561 347 1644 prelatorum
367 1569 400 1624 et
418 1561 572 1625 baronum
593 1570 773 1627 nostrorum
794 1561 1025 1636 confirmamus,
1045 1561 1181 1646 ratifica-

152 1693 224 1740 mus
245 1679 277 1736 et
296 1691 355 1754 pro
376 1671 523 1756 originali
540 1671 705 1755 priuilegio
732 1674 934 1756 deputamus,
960 1672 1056 1736 saluis
1081 1675 1182 1738 sciam

153 1782 300 1849 omnibus
328 1781 397 1846 aliis
423 1783 614 1866 priuilegiis,
646 1783 841 1849 libertatibus
868 1803 904 1849 ac
927 1784 1025 1848 literis
1043 1783 1183 1850 ,ecclesie

152 1893 359 1976 strigoniensi
372 1895 618 1958 remanentibus.
638 1896 671 1957 iu
686 1895 774 1960 cuius
787 1896 835 1958 rei
849 1896 1032 1960 memoriam
1043 1895 1183 1961 etfirmi-

151 2013 248 2094 tatem
266 2013 451 2088 perpetuam
472 2013 637 2088 presentes
658 2005 889 2080 concessimus,
910 2005 1065 2088 duppliois
1088 2005 1182 2088 sigilli

149 2116 251 2182 nostri
277 2116 450 2180 munimine
477 2116 650 2180 roboratas.
684 2117 792 2178 datum
821 2135 877 2198 per
901 2135 1012 2180 munus
1042 2117 1182 2198 magistri

148 2227 305 2302 Farlrasii,
327 2225 419 2290 electi
437 2228 672 2312 Zagrabieusis,
695 2228 767 2299 aule
787 2235 893 2290 nostre
916 2225 1181 2318 rrioeeauoellarii,

151 2339 261 2402 dilecti
282 2347 314 2404 et
334 2337 436 2404 fidelis
457 2338 573 2414 uestri,
608 2357 691 2402 anuo
713 2337 831 2402 domini
852 2335 1043 2402 MCCLXIll.
1071 2337 1181 2420 quinto

150 2449 278 2514 kalend.
293 2449 479 2546 Nouembris
492 2449 582 2532 regui
604 2446 830 2520 autem-nostri
852 2467 934 2512 anno
952 2447 1106 2530 uigesimo
1128 2468 1183 2514 oe·

150 2570 238 2629 tauo.

491 2775 842 2804 w

498 2999 613 3084 ΒΜ
638 2997 838 3084 itam

176 3175 466 3254 'LIBERTAS
509 3173 786 3255 flosPfflJM
824 3175 893 3250 Db
930 3175 1130 3250 RAMAR.
1175 3285 1177 3290 Δ

572 3330 764 3394 MCCLXlll.

492 3487 515 3542 E
532 3487 657 3540 sanctita
672 3485 761 3538 saeculi
778 3485 836 3538 xv,

234 3783 309 3846 Bela
323 3782 375 3846 dei
389 3782 495 3866 gracia
504 3780 667 3864 Hungarie
676 3787 739 3846 etc,
748 3799 812 3842 reu
834 3777 874 3840 ad
889 3777 1108 3842 uniuersorum
1123 3798 1181 3840 no-

152 3895 258 3960 ticiam
279 3902 388 3962 tenore
411 3893 608 3976 presencium
625 3889 772 3954 uolumus
793 3889 979 3972 peruenire,
999 3890 1087 3974 quod
1109 3908 1181 3952 oum

151 4007 187 4072 iu
208 4008 325 4074 Kamar
346 4007 474 4070 domum
496 4023 555 4090 pru
575 4003 666 4069 nobis
686 4001 882 4076 fecissemus,
902 4001 1020 4084 placuit
1037 4000 1129 4064 nobis
1146 4004 1182 4062 ut

151 4117 215 4180 illic
235 4116 376 4200 hospites
396 4125 505 4182 nostro
527 4115 655 4180 nomine
678 4121 920 4198 congregentur,
948 4112 1061 4201 qru’buu
1084 4109 1181 4178 utcu

155 4228 369 4298 ordinarium
383 4227 577 4308 libertatern,
598 4225 785 4316 etquidem:
