2920 4758
287 370 348 468 iit
396 387 786 438 numantiorum
801 387 1064 437 nnnsronuncno
1079 391 1192 440 nesso.
1235 378 1326 442 1232
1446 425 1447 460 2

1393 11 1447 346 i

289 557 320 611 et
340 547 492 630 magistro
512 545 741 629 cognoscenti,
770 547 923 612 canonico
954 548 1179 630 strigoniensi,
1209 552 1323 613 nuncio
1445 523 1447 552 ¹

288 669 321 723 et
341 658 505 742 supelinnc
530 657 664 741 predicti
687 658 804 720 domini
825 658 939 742 iegati,
965 659 1036 720 uice
1061 678 1098 724 nc
1120 661 1247 724 nomine
1262 663 1322 724 Ro·

291 789 383 832 mnne
405 767 540 832 ecclesie
556 775 587 832 et
602 769 739 846 omnium
761 767 965 832 ecclesiarum
981 769 1134 853 Ungnrie,
1154 780 1266 854 sponte
1285 791 1320 840 tc

290 883 405 946 deuote
420 879 487 944 siue
504 881 708 954 condicione,
723 881 810 944 tectis
829 883 1034 944 sacrosanctis
1054 883 1230 966 euangeliis
1250 905 1321 966 pro·
1445 879 1447 934 ἐ

290 995 440 1058 mittimus
455 1003 486 1058 ct
500 995 648 1066 iuremus,
670 994 754 1075 quod
777 993 808 1054 in
824 993 969 1056 omnibus
992 1001 1024 1056 ct
1045 1013 1102 1075 per
1115 995 1222 1056 omnia
1241 996 1319 1058 bona

289 1107 354 1172 fide
368 1104 543 1170 tenebimus
566 1117 597 1170 et
615 1107 854 1169 obseruabimus
874 1125 957 1168 nunc
972 1113 1004 1168 et
1017 1106 1050 1167 in
1065 1105 1204 1170 futurum
1220 1108 1320 1170 omnia
1446 1099 1447 1154 i

292 1226 324 1282 ct
344 1218 467 1302 singnis
491 1217 628 1302 capitula
658 1218 838 1299 supradicta
865 1237 925 1282 nos
945 1218 1127 1300 tnngcnein,
1154 1219 1243 1282 etin
1270 1220 1320 1293 iis,
1445 1231 1447 1240 ’

293 1349 355 1414 que
369 1338 503 1413 tangunt
521 1331 694 1412 predictum
710 1329 871 1392 dominnm
892 1338 1032 1391 nostrum
1047 1349 1173 1412 regem,
1193 1349 1321 1412 presen-

291 1453 355 1508 tem
378 1443 429 1508 uei
453 1443 547 1506 alium
569 1444 622 1526 qui
646 1463 702 1525 pro
727 1451 868 1524 tempore
890 1442 998 1516 fuerit,
1020 1442 1166 1506 dabimus
1186 1444 1320 1506 studiose

294 1575 439 1640 operam,
459 1555 611 1638 rogando,
632 1555 805 1630 hortando,
826 1555 1020 1618 consulendo
1035 1553 1067 1616 in
1083 1555 1229 1618 omnibus
1243 1557 1320 1618 bone

293 1669 374 1743 fide,
406 1676 563 1751 quatenus
592 1667 698 1730 omnin
729 1676 761 1730 et
792 1666 916 1750 singula
940 1667 1076 1750 capitula
1100 1667 1322 1750 suprascripta,

295 1779 424 1862 implent
438 1779 563 1860 penitus
584 1785 615 1841 et
630 1779 788 1842 obscruet.

377 1889 469 1950 Anno
488 1889 526 1950 ab
546 1888 767 1952 incarnacione
789 1891 825 1951 D.
839 1889 876 1952 N.
889 1889 914 1950 i.
931 1887 966 1951 C.
986 1886 1214 1952 Mecxxxut.
1246 1891 1322 1952 Pon·

296 1999 369 2064 titio.
392 1999 511 2062 domini
533 1999 675 2082 Gregorii
690 2002 731 2076 Ρ.
744 2001 778 2062 P.
792 1999 847 2062 IX.
869 2019 951 2063 enno
973 1999 1119 2083 septimo,
1140 2001 1191 2062 die
1207 2001 1323 2063 duode-

296 2111 389 2187 cimo,
411 2120 546 2176 excunte
562 2115 717 2196 Augusto,
738 2113 866 2175 fuerunt
881 2113 941 2178 ista
955 2112 1089 2174 feliciter
1103 2115 1182 2186 ncta,
1203 2115 1236 2174 in
1253 2131 1322 2174 con·

296 2226 420 2290 sistorio
432 2226 563 2308 predicti
578 2225 696 2288 donnini
708 2227 833 2288 Andrce
847 2225 943 2288 incliti
957 2224 1040 2306 regis
1050 2225 1195 2305 Ungurie‚
1211 2224 1323 2287 ibidem

296 2335 496 2420 presentibus
525 2336 759 2399 uenerabilibus
788 2335 876 2398 Cleto
905 2334 1068 2418 Agriensi,
1106 2335 1325 2397 Bartholomec

298 2447 523 2528 Uesprimiensi
541 2447 715 2530 episcopis,
737 2454 769 2510 et
783 2445 874 2510 dictis
888 2445 1108 2528 iobngionibus
1129 2454 1204 2508 tunc
1225 2447 1327 2509 iuran-

298 2557 399 2631 tibus,
419 2565 453 2620 et
466 2555 622 2621 Michtt'die
643 2557 803 2639 preposito
823 2557 1002 2640 Tytuieusi,
1024 2556 1193 2619 Uinceucio
1213 2557 1250 2619 A.
1265 2558 1327 2620 dia·

299 2686 382 2733 cono
396 2669 598 2744 Sasunrensi,
618 2669 767 2734 tecobiuc
787 2671 826 2732 de
840 2677 950 2731 sancto
965 2669 1155 2744 benedicto,
1177 2671 1326 2732 canonico

302 2779 502 2855 Cenndiensi,
523 2787 553 2844 et
567 2781 635 2846 eliis
655 2781 744 2865 regni
758 2780 914 2844 nobilibus
929 2801 1021 2863 quam
1037 2781 1178 2866 pluribus
1194 2781 1329 2844 existen·

301 2894 384 2958 tibus
398 2893 430 2956 iu
446 2893 559 2956 eodem
574 2893 779 2967 consistorio,
799 2893 832 2954 iu
853 2891 933 2956 siiun
948 2913 1009 2974 que
1025 2891 1205 2956 nominatur
1219 2894 1329 2975 Bereg.
