2904 4754
284 389 345 456 l80
386 407 535 456 nrnaaras
550 405 707 454 nosrrrnu
721 405 809 453 nova
824 402 922 454 vinca
937 405 969 452 nr
982 404 1092 452 carere.
1119 385 1206 452 lasa

284 583 392 626 eomes
412 559 578 625 Crisiensis
599 581 658 624 nec
678 561 816 625 iudicare
841 581 901 625 nec
926 561 1119 625 descendere
1139 581 1233 643 super
1255 581 1313 625 eos

283 683 438 740 teneatur.
462 675 611 736 Uolumns
625 675 735 756 igitur:

367 789 427 861 (t)
448 787 534 868 qnod
556 785 673 848 nnllam
695 785 858 849 collectam
878 785 1002 848 saluere
1023 786 1313 868 debeanthospites

285 899 442 963 antedicti.
469 917 528 980 pro
547 895 689 960 libertate
713 905 817 960 autem
836 895 990 979 ipsorum,
1011 897 1161 959 intencio
1182 917 1265 958 anno
1295 917 1314 958 a

285 1013 357 1074 data
371 1009 587 1092 presencium,
609 1009 648 1072 de
670 1009 809 1091 qualibet
828 1016 917 1090 porta
939 1007 1146 1091 quadraginta
1167 1009 1314 1071 denarios

284 1125 377 1197 bano,
400 1143 456 1205 pro
471 1131 611 1205 ternpore
630 1122 807 1195 constituto,
828 1121 954 1184 soluere
967 1121 1168 1184 tenebuntur.

367 1225 425 1309 (Ξ)
446 1234 562 1296 Forum
578 1231 662 1296 enim
677 1233 835 1314 ipsorum,
856 1251 874 1294 a
895 1233 987 1295 nobis
1009 1251 1209 1305 concessum,
1231 1233 1315 1294 cele-

284 1347 392 1410 bretur
410 1346 507 1408 tercia
526 1343 622 1419 feria,
645 1345 684 1406 de
700 1344 789 1406 cuius
810 1341 928 1406 tributo
942 1343 974 1404 in
990 1343 1101 1406 eodem
1118 1343 1312 1406 annotarem

285 1459 346 1520 due
361 1464 467 1540 partes
481 1457 582 1530 bano,
603 1455 701 1518 tercia
715 1473 794 1517 uero
808 1475 879 1537 pars
896 1453 971 1536 ipsis
991 1453 1165 1536 hospitibus
1186 1455 1314 1536 incipiat

284 1567 464 1632 ministrari.

365 1680 428 1754 (3)
449 1678 566 1740 Omnes
587 1685 691 1740 autem
707 1696 833 1750 causas,
855 1685 917 1739 tarn
933 1677 1082 1751 maiores,
1104 1695 1198 1759 quam
1214 1677 1313 1738 mino-

283 1811 346 1865 res,
359 1791 427 1853 siue
442 1789 474 1850 in
490 1789 540 1851 die
556 1787 634 1862 ieri,
653 1789 719 1852 siue
734 1789 766 1850 in
781 1789 848 1852 aliis
864 1789 975 1852 dieltns
990 1798 1200 1872 emergentes,
1214 1789 1313 1853 maior

283 1901 375 1975 uille,
404 1919 499 1982 quem
525 1901 700 1963 communis
721 1900 856 1982 populus
880 1901 1026 1982 elegerit,
1055 1901 1169 1963 debeat
1187 1901 1312 1982 penitas

281 2013 432 2076 iudicare.
952 2031 955 2038 ·

366 2125 426 2201 (l)
447 2124 547 2187 Maior
567 2145 646 2188 uere
665 2124 755 2199 uilla,
777 2125 803 2186 si
823 2124 1060 2207 querelantibus
1081 2125 1234 2188 iusticiam
1258 2125 1311 2186 de·

283 2245 431 2321 negaret,
450 2235 535 2299 idem
549 2236 648 2298 maior
663 2235 737 2297 nille
752 2253 857 2297 coram
878 2235 1041 2317 presencia
1056 2235 1153 2297 solius
1167 2236 1242 2297 bani
1257 2255 1309 2316 pro

282 2359 425 2431 tempore
440 2349 599 2411 constituti
620 2349 798 2429 impetatur.
827 2346 937 2409 eitacio
956 2346 1074 2428 quippe
1092 2345 1219 2410 maioris
1238 2346 1309 2408 uille

282 2481 347 2523 non
361 2461 459 2533 aliter,
473 2459 532 2520 nisi
548 2478 618 2520 cum
634 2459 822 2540 specialibus
836 2458 946 2521 litteris
961 2457 1043 2532 bani,
1058 2459 1217 2520 mediante
1228 2461 1308 2522 bona

281 2569 477 2641 testimonio,
504 2567 571 2630 lieri
595 2569 725 2642 debeat,
755 2579 786 2633 et
808 2570 876 2650 ipse
899 2571 998 2632 maior
1021 2571 1094 2631 uille
1115 2571 1228 2632 citatus
1254 2589 1309 2652 per

282 2681 463 2764 quempiam
484 2681 614 2754 hanam,
639 2679 722 2742 ultra
744 2682 827 2742 Gazd
854 2689 884 2743 et
905 2681 986 2742 ultra
1007 2681 1145 2742 Drauum
1172 2701 1237 2742 nan
1261 2701 1309 2743 se·

280 2800 405 2875 quatur.

364 2905 423 2980 (5)
445 2904 594 2988 Uolumus
610 2903 709 2966 eciam
726 2903 811 2985 quod
835 2923 930 2984 super
945 2920 1132 2984 quacunque
1149 2923 1244 2965 causa
1259 2923 1308 2964 cn-

281 3033 348 3079 ram
370 3017 471 3088 nohis,
499 3017 551 3078 nel
565 3013 683 3077 maiore
697 3013 772 3076 uille
789 3021 983 3095 emergente,
1003 3014 1170 3094 productio
1185 3015 1307 3076 testium

282 3129 322 3191 de
338 3128 506 3200 extraneis,
526 3128 586 3188 nisi
600 3129 641 3188 de
657 3127 768 3189 eadem
783 3125 866 3200 uilla,
880 3125 1057 3207 impetuose
1071 3145 1134 3186 non
1150 3125 1309 3186 commita-

223 3212 228 3220 Ι
281 3246 347 3312 tur,
367 3239 423 3299 sed
437 3239 645 3300 iuramentum
660 3237 736 3319 ipsis
752 3236 872 3298 ciuibus
886 3235 1051 3299 iudicetur.

365 3348 421 3422 (6)
443 3347 590 3408 Preterea
609 3346 751 3428 quisquis
770 3355 954 3420 extraneus,
978 3347 1046 3408 siue
1072 3345 1149 3407 ciuis
1167 3347 1307 3408 eiusdem

281 3459 342 3522 loci
363 3459 395 3519 in
417 3458 485 3538 ipsa
507 3455 580 3518 uilla
601 3464 709 3518 contra
731 3457 825 3519 alium
847 3478 902 3538 pre
917 3457 964 3519 ira
979 3455 1115 3538 gladium
1131 3477 1188 3518 seu
1202 3457 1310 3518 cultel-

280 3571 346 3634 lum
368 3569 565 3650 euaginaret,
602 3577 633 3631 et
655 3569 716 3632 hoc
739 3589 809 3631 cum
831 3569 1010 3632 testimonio
1033 3569 1230 3648 probaretur,
1261 3568 1310 3630 nel

282 3681 352 3764 quis
369 3681 483 3743 uulnus
497 3700 561 3742 non
584 3681 781 3744 mortiferum
796 3680 929 3754 afficiet,
955 3679 1070 3742 iudicio
1093 3680 1184 3740 unius
1208 3699 1308 3741 marce

281 3793 518 3855 condemnetur.
540 3793 680 3875 quisquis
699 3793 793 3874 igitur
816 3811 891 3856 casu
913 3793 1088 3865 accidente,
1110 3809 1201 3852 suum
1215 3792 1310 3852 inter-

280 3901 390 3965 fecerit
416 3903 595 3977 conciuem,
623 3911 747 3964 centum
773 3901 897 3984 pensis,
926 3899 1099 3983 exquibus
1123 3901 1184 3963 due
1207 3905 1309 3982 partes

279 4014 360 4096 parti
376 4014 526 4090 aduersa,
548 4013 642 4078 tercia
662 4033 740 4075 uero
754 4031 828 4094 pars
843 4013 955 4075 maiori
973 4013 1048 4076 uille
1063 4012 1144 4076 solui
1158 4017 1310 4074 teneatur.

281 4134 312 4188 et
325 4123 385 4188 nisi
399 4126 567 4190 homocida
582 4123 716 4207 pecunia
735 4143 793 4188 sua
813 4143 848 4188 se
871 4123 1037 4202 defendet,
1060 4129 1155 4210 eaput
1169 4124 1310 4187 eiusdem

268 4235 320 4309 ad
334 4251 443 4304 manus
457 4237 554 4328 partis
568 4235 703 4306 aduersa
720 4233 882 4304 statuatur.
