2924 4758
269 403 333 472 666
469 423 780 474 amurcarum
800 421 979 474 emnumrr
997 423 1099 476 uera

269 583 319 649 lus
334 583 373 646 de
389 581 464 648 uilla
480 583 534 648 illa
547 584 705 648 emendet.
724 584 783 648 aad
800 583 927 650 sirim
939 593 1046 668 partes
1059 581 1127 650 ibas
1142 584 1302 652 maenum

268 695 346 760 uilla
358 696 468 770 fuerit,
487 696 521 759 bi
535 696 682 779 ligentur.

351 809 430 884 (63)
451 807 483 870 Si
504 808 626 890 equites
645 809 785 873 uiatores
805 809 836 872 in
858 810 934 874 nilla
951 811 1125 886 benefiat,
1154 819 1187 876 et
1199 831 1301 896 equos

269 919 484 1004 perdiderint,
505 941 524 982 a
542 920 666 982 nillanis
685 920 746 984 bec
761 923 980 997 emendentur,
1000 925 1028 988 si
1041 943 1120 988 nero
1135 932 1226 988 extra
1237 923 1300 988 uil-

269 1031 348 1107 lam,
368 1031 473 1094 nullus
488 1033 528 1094 de
542 1031 616 1094 nilla
631 1031 803 1114 persoluat.

353 1144 432 1220 (ot)
454 1143 516 1220 Qui
539 1145 573 1206 in
595 1144 694 1208 tribus
720 1144 861 1210 conciliis
884 1165 1012 1210 canum
1033 1167 1123 1212 snam
1145 1149 1299 1232 legalibus

273 1257 408 1324 diffinire
429 1257 583 1331 noluerit,
604 1257 673 1320 eins
687 1259 885 1340 querimonia
905 1259 1039 1341 amplius
1058 1279 1123 1324 non
1144 1261 1298 1324 audiatur.

354 1372 437 1446 (65)
456 1370 566 1432 Nullus
581 1371 730 1432 comitum
743 1369 796 1433 uel
811 1371 942 1434 militum
963 1371 995 1434 in
1009 1372 1173 1436 eeclesiam
1189 1394 1299 1454 presu-

271 1490 335 1548 mat
357 1481 417 1544 sibi
435 1481 607 1544 nendieare
628 1489 834 1563 potestatem,
855 1491 962 1564 preter
981 1483 1083 1546 solum
1104 1486 1297 1566 episcopum.

355 1597 441 1675 (66)
469 1595 639 1658 Presbiteri
660 1602 692 1658 et
712 1595 858 1670 abbates,
892 1615 949 1660 sen
973 1595 1140 1660 cuiuslibet
1163 1617 1297 1678 persona

271 1709 441 1792 dignitatis,
462 1705 594 1770 ecclesie
610 1707 856 1770 decimacionem
871 1707 1063 1788 persoluent,
1084 1708 1117 1770 in
1131 1707 1221 1772 cuius
1234 1716 1297 1770 ter-

270 1820 381 1884 ritorio
397 1818 619 1900 agriculturam
634 1825 783 1880 exercent
796 1827 850 1880 aut
863 1819 1064 1882 uindemiam.

354 1932 431 2005 (67)
452 1929 571 2012 Bigami
591 1937 623 1992 et
643 1929 808 1992 uiduarum
831 1929 883 1992 uel
906 1931 1140 2012 repudiatarum
1162 1932 1297 1996 meritla

271 2041 426 2126 coniugiis
440 2049 565 2104 cessent
577 2041 700 2115 illicitis,
713 2039 767 2103 nel
781 2041 889 2104 aeleri
903 2041 1111 2105 excludentur
1121 2043 1298 2114 consortiis.

354 2155 431 2231 (68)
452 2153 548 2216 Missa
571 2171 635 2215 non
659 2151 837 2214 celebretur
856 2152 917 2214 nisi
943 2153 1133 2216 consecratis
1154 2154 1187 2216 in
1211 2153 1299 2228 locis,

269 2267 331 2332 nisi
345 2287 440 2330 causa
454 2265 648 2330 necessitatis
663 2264 768 2347 aliqua
789 2265 957 2339 existente,
979 2273 1011 2327 et
1024 2273 1099 2328 tunc
1112 2265 1145 2328 in
1154 2266 1295 2341 ,tentorio

269 2399 327 2442 seu
348 2377 410 2440 alio
431 2379 550 2440 mundo
570 2376 650 2438 loco.
679 2377 736 2438 sed
753 2377 803 2441 uie
818 2383 937 2438 tentum
960 2395 998 2440 ac
1012 2375 1115 2440 itineri
1129 2377 1191 2439 hec
1204 2384 1300 2440 uacet

268 2487 453 2562 necessitas,
474 2507 538 2548 non
552 2486 735 2560 uenacioni,
756 2507 815 2548 nec
829 2487 898 2548 sine
913 2486 1018 2549 tabula
1031 2486 1201 2550 itineraria.

352 2600 435 2674 (69)
451 2578 594 2679 Reliquis
608 2606 787 2660 sanctorum
801 2617 859 2678 per
869 2597 954 2660 uiam
970 2617 1033 2660 non
1047 2605 1223 2680 portentur,
1238 2597 1296 2660 nisi

270 2701 387 2772 abono
403 2716 435 2772 et
448 2708 595 2790 religioso
610 2707 735 2771 elerico.

352 2821 434 2895 (70)
455 2817 564 2882 Nullas
587 2820 641 2902 qni
667 2820 701 2882 in
724 2819 810 2884 clero
838 2820 1000 2884 estimatur
1023 2821 1164 2884 uestibus
1189 2828 1296 2884 utatur

267 2931 446 3007 laicalibus,
473 2939 582 3014 utpote
602 2931 676 2995 lisso
690 2932 814 3014 pellicio
828 2932 882 2994 nel
899 2931 1005 2994 tunica
1019 2951 1144 3014 sparsa,
1171 2931 1296 2996 manica

269 3045 366 3128 gilua,
386 3047 481 3108 rubra
494 3043 634 3126 stragula
647 3044 698 3106 uel
712 3045 806 3106 uiridi
820 3043 969 3119 clamide,
991 3045 1089 3125 caliga
1110 3065 1167 3106 sen
1186 3063 1295 3127 cappa,

268 3154 375 3217 calceo
395 3157 478 3237 picto
502 3154 555 3216 uel
575 3154 721 3218 sericato.
750 3154 876 3216 cambia
897 3174 1025 3238 qnoque
1051 3157 1158 3219 tunica
1186 3165 1219 3220 et
1244 3175 1295 3218 se-

267 3267 334 3330 rico
349 3265 380 3328 in
396 3275 538 3348 pectore,
558 3284 623 3328 non
637 3273 843 3328 conserantur
853 3267 945 3328 nodis
960 3265 1012 3329 uel
1025 3266 1140 3342 fibulis,
1160 3268 1216 3330 sed
1228 3247 1296 3328 am·

266 3375 433 3459 plexentnr
449 3376 564 3438 collum
579 3376 681 3457 qnasi.

350 3489 429 3562 (71)
451 3486 595 3562 Quatuor
611 3494 755 3568 tempora
776 3486 809 3548 in
831 3489 897 3552 suis
919 3496 954 3552 ut
973 3488 1126 3554 hactenus
1145 3507 1214 3552 mos
1235 3487 1294 3558 fuit.
1370 3560 1376 3568 ,

265 3597 344 3662 locis
358 3598 569 3662 celebrentur.

348 3710 425 3785 (72)
436 3707 591 3772 Officium
606 3709 646 3771 de
661 3717 768 3773 sancta
790 3711 927 3775 trinitate
947 3721 1020 3794 post
1034 3721 1162 3776 octenas
1182 3719 1292 3795 pente·

267 3827 369 3884 costes
384 3821 568 3884 celebretur.

348 3933 427 4008 (73)
448 3933 612 4015 Sepultnre
627 3931 871 3998 Christianorum
886 3955 950 4000 non
964 3935 1026 4002 nisi
1038 3938 1072 4002 in
1086 3937 1173 4002 atriis
1189 3936 1292 4005 coeles

263 4043 379 4108 siarum
393 4043 480 4110 liant

347 4156 427 4232 (lb)
448 4155 556 4220 anlns
567 4157 682 4221 ludens
696 4158 901 4250 christianum
915 4160 1103 4245 mancipium
1118 4161 1294 4230 emere-nel

264 4267 404 4336 uendere
426 4269 556 4366 audeat,
576 4277 631 4368 aul
643 4271 676 4336 in
696 4291 756 4340 sno
776 4273 912 4340 seruicio
925 4282 1035 4340 tenere
1053 4273 1183 4342 sinabrn
1203 4293 1290 4352 nuno
