2920 4758
329 423 466 468 suumn
482 423 515 466 u.
535 420 628 470 snus
646 416 816 468 numerius
834 421 855 466 t.
898 403 988 467 iffi
1114 399 1175 464 tto

118 575 298 648 intes-nos
313 582 346 641 et
358 594 426 648 uos,
443 573 611 638 occasione
625 573 686 637 hoo
698 573 761 637 iam
773 571 879 654 sepius
895 572 936 637 ad
950 569 1176 636 amaritudines

119 686 364 756 nonantodioas
379 693 427 749 est
440 701 644 764 pnwessum:
668 683 755 764 quod
774 683 911 764 attegia
928 681 1176 746 honoriiioonoia

120 795 265 876 plenius
278 801 510 868 oonseruetus,
524 794 673 858 sonuenit
684 792 819 858 enitare:
843 793 922 872 (hoo
935 794 1023 856 enim
1038 813 1094 875 per
1108 793 1177 856 nui·

121 906 174 968 ios
198 905 294 969 alios
314 905 426 970 meiius
450 903 500 977 st,
522 924 619 985 quem
640 925 696 985 pes
717 901 788 983 eos)
810 905 1012 970 concedimus
1034 911 1104 978 tom¹
1122 905 1177 976 eis,

123 1037 231 1098 quam
269 1015 343 1080 aliis
371 1015 550 1078 hominihus
576 1015 666 1096 regni
691 1014 790 1077 nostti
815 1014 995 1084 libertatem,
1013 1035 1040 1078 a
1068 1023 1177 1078 sancto

124 1147 211 1210 rege
235 1143 441 1198 concessam,
458 1144 499 1186 eo
514 1124 576 1186 aiio
596 1126 636 1186 ad
657 1133 772 1186 statum
785 1124 875 1207 regni
891 1127 988 1194 nostri
1002 1125 1179 1203 reiopman·

126 1240 208 1302 dum
234 1239 438 1320 pertinencia
460 1237 626 1304 salubriter
648 1236 848 1310 ordinamus,
873 1238 906 1301 in
928 1239 1013 1302 huno
1038 1239 1177 1302 modum.

219 1349 271 1432 (1)
296 1351 466 1414 Statnimns
487 1357 522 1412 ut
547 1348 708 1413 aunuatim
726 1349 759 1412 iu
781 1349 861 1413 festo
882 1349 982 1412 ssuoti
1001 1351 1096 1432 regis,
1117 1349 1177 1412 nisi

129 1463 241 1526 anduo
270 1461 408 1544 negotio
434 1461 600 1542 ingruente
622 1461 675 1522 uel
699 1459 879 1528 infirntitate
898 1461 1049 1525 fuerimus
1071 1461 1177 1542 probi,

129 1573 208 1647 niti,
231 1575 320 1636 Athe
340 1571 737 1640 teneamuesoionnizaro:
761 1573 840 1636 etsi
862 1591 919 1634 noe
938 1572 1093 1632 interesse
1112 1591 1177 1637 non

133 1687 333 1766 poterimus,
347 1683 503 1767 patuinus
518 1683 737 1777 proculdubio
756 1683 800 1745 ibi
815 1683 873 1746 erit
887 1702 946 1764 pro
956 1683 1046 1746 nobis
1060 1689 1095 1745 et
1107 1683 1177 1746 uiuo

133 1807 253 1863 nostra
277 1817 388 1862 causes
409 1797 530 1870 audiet,
564 1805 597 1859 et
618 1815 729 1859 oman
751 1794 1004 1876 seruientes-qni
1024 1793 1181 1858 noluerint

135 1905 327 1971 iiheneiilic
342 1908 545 1970 oonueniant,
600 1963 602 1970 ,
1045 1969 1047 1978 ,

224 2017 278 2102 (2)
302 2018 452 2082 Uoiumus
473 2020 571 2080 sciam
594 2019 680 2100 quod
700 2039 759 2081 neo
779 2039 836 2081 nos
858 2039 916 2081 nec
942 2019 1060 2100 posteri
1081 2018 1180 2082 nostri

139 2129 251 2215 aliquo
275 2140 419 2212 tempore
439 2130 614 2194 seruientes
637 2132 780 2212 capiant,
809 2129 863 2194 nei
887 2131 1050 2192 destruant
1070 2129 1179 2192 fauore

141 2241 280 2304 aiiouius
301 2243 452 2324 potentis,
473 2241 533 2304 nisi
555 2240 659 2322 primo
679 2241 763 2305 oitati
783 2241 901 2305 fuerint
920 2247 952 2302 et
970 2239 1080 2304 ordine
1099 2241 1181 2302 iudi·

141 2353 242 2417 ciario
259 2354 407 2416 conuicti.
565 2406 567 2410 ,

229 2463 277 2546 (3)
300 2467 379 2526 ltem
398 2465 521 2528 nuliam,
535 2465 697 2527 collectam
717 2483 776 2526 neo
790 2461 885 2527 libros
901 2462 1102 2533 denariorum
1117 2461 1181 2523 ool·

143 2575 199 2658 ligi
213 2577 370 2640 iaciemus
384 2596 478 2658 supro
492 2579 603 2658 predia
617 2577 846 2640 sentiendium:
869 2596 928 2638 neo
941 2577 973 2638 iu
988 2576 1099 2638 domus
1121 2593 1181 2638 noo

146 2686 238 2749 uiiias
273 2687 516 2761 descendemus,
548 2687 609 2749 nisi
640 2688 755 2750 uocati.
795 2707 892 2769 super
919 2686 1053 2768 populos
1080 2687 1180 2748 esiam

147 2797 356 2868 ecciesiorom
371 2799 510 2879 ipsarum
525 2797 641 2882 nuiiam
656 2799 780 2879 penitus
796 2798 960 2860 ooiieotam
976 2798 1137 2860 iaciemus.

229 2907 277 2992 tlt)
298 2911 331 2972 Si
345 2911 415 2990 quis
429 2909 572 2974 seruiens
588 2911 654 2972 sine
668 2909 732 2972 fiiio
748 2909 933 2982 decesserit,
948 2915 1090 2990 quatiam
1106 2927 1178 2988 par·

148 3026 211 3082 tem
228 3021 438 3104 possessionis
452 3020 517 3082 fitia
533 3021 692 3084 obtineat:
715 3021 753 3083 de
775 3021 919 3092 residuo,
940 3019 1021 3082 siout
1039 3020 1106 3101 ipse
1121 3024 1199 3080 uue‘

148 3125 254 3206 luerit,
262 3131 417 3212 disponat,
429 3131 607 3192 etsimorte
617 3131 969 3212 preueutus'disponero
980 3149 1042 3193 nou
1054 3129 1179 3210 poterit,

154 3221 322 3324 propinqui
342 3243 409 3315 sui,
429 3243 484 3323 qui
504 3260 578 3306 eum
598 3246 697 3326 magis
719 3243 918 3324 contingunt,
941 3242 1112 3306 obtineam.
1148 3249 1180 3315 at

152 3349 179 3410 si
192 3353 312 3418 nuliam
328 3353 709 3434 penitusgeneraeiouem
722 3354 885 3428 habuerit,
905 3373 962 3418 nex
976 3354 1138 3418 noneste

224 3463 285 3546 Ι(5).
304 3464 447 3528 Comites
457 3463 637 3543 parochiani
653 3465 763 3545 predia
777 3463 989 3534 sunienoiom
1002 3483 1066 3526 uon
1077 3463 1181 3526 diseu-

174 3573 250 3650 'ant,
269 3577 331 3638 nisi
346 3595 455 3643 causes
470 3585 667 3642 monetarum
681 3584 712 3639 et
724 3577 929 3638 decimarum.
943 3575 1078 3648 ooanites
1093 3575 1180 3652 curie

111 3701 115 3712 ’
213 3686 336 3748 ochiani
367 3685 488 3748 nullom
518 3685 641 3768 penitus
668 3687 856 3759 dissociant,
891 3685 952 3748 nisi
976 3683 1110 3767 populos
1128 3685 1181 3763 soi

157 3811 174 3854 o
240 3798 247 3812 '
279 3797 366 3860 iures
381 3803 413 3860 et
425 3795 563 3860 latrones
577 3795 695 3861 biiochi
709 3797 833 3878 regales
847 3795 1015 3862 discutiant
1028 3796 1070 3862 od
1082 3798 1181 3880 pedes
1262 3835 1264 3838 -

277 4079 278 4082 ,
305 4022 385 4088 item
399 4019 507 4102 populi
519 4020 672 4084 coniurati
685 4019 719 4083 in
729 4041 827 4084 unum
840 4020 931 4087 iures.
938 4021 1102 4086 nominare
1118 4039 1182 4086 nou

159 4146 199 4210 1¹⁰
266 4179 293 4210 V,
312 4132 396 4209 siout
410 4141 662 4207 oousneuesant.⁴
1233 4121 1237 4128 '

275 4242 284 4328 J
305 4245 339 4320 Si
353 4253 458 4316 autem
471 4265 529 4311 ren
544 4252 634 4310 extra
653 4264 786 4330 rognum
805 4244 979 4310 exercitum
994 4245 1110 4312 ducere
1124 4263 1183 4308 uo·
