3048 4760
387 445 651 502 cousrrrurmnas
669 455 804 502 sueonos
823 451 980 505 benensis.
1023 439 1113 502 127⁰.
1202 437 1263 500 587

234 613 327 688 serit,
348 613 525 694 ingressum
548 611 681 676 ecclesie
705 619 736 674 et
756 593 996 693 percepcionem
1016 603 1081 673 seu
1094 607 1264 692 particlpd'-

232 725 357 790 donem
378 723 646 786 sacramedtorum
670 743 771 805 usqne
797 723 837 784 ad
858 721 1102 784 satisfactionem
1124 721 1263 783 omnium

233 843 458 917 occupatorum
472 853 509 896 ac
524 835 755 896 subtractorum
769 835 868 896 eciam
885 833 1059 895 ablatorum
1070 829 1129 894 sibi
1140 831 1265 894 nouerit

232 947 427 1020 interdictos,
449 945 543 1008 saluis
559 945 627 1008 aliis
642 945 790 1026 predictis
810 949 841 1008 et
854 945 887 1006 in
901 943 969 1006 aliis
986 943 1263 1008 constitucionibus

233 1059 348 1122 nostris
363 1057 532 1138 expressis.

318 1153 384 1247 (50)
405 1165 576 1229 statuimus
598 1165 684 1248 quod
708 1166 794 1229 nulla
818 1185 953 1248 persona
976 1165 1189 1230 ecclesiastica
1210 1170 1265 1228 aut

236 1277 333 1340 eciam
347 1263 497 1339 secularis
511 1273 725 1359 cuiuscunque
740 1278 782 1339 sit
794 1278 1001 1352 excellencie,
1020 1277 1149 1351 ordinis,
1164 1277 1266 1358 digni·

234 1389 305 1452 tatis
318 1395 372 1454 aut
385 1393 494 1460 status,
523 1389 574 1450 uel
590 1389 650 1449 sub
664 1395 810 1469 pretextu
824 1389 901 1451 iuris
917 1397 1109 1471 patronatus,
1129 1389 1214 1470 quod
1229 1408 1263 1450 se

235 1499 354 1562 babere
369 1497 465 1572 dieat,
479 1499 649 1560 contendat
662 1497 715 1560 uel
730 1505 867 1573 asserat,
889 1499 986 1562 autin
1002 1499 1135 1562 ueritate
1149 1499 1265 1560 habeat

234 1609 267 1670 in
282 1606 436 1690 aliquibus
449 1609 647 1688 monasteriis
662 1608 714 1670 uel
729 1607 869 1671 ecclesiis
884 1615 990 1672 nostre
1005 1607 1187 1690 legacionis,
1207 1609 1264 1670 seu

236 1719 296 1782 atto
308 1738 497 1801 quocunque
514 1727 657 1802 pretextu
672 1720 725 1782 uel
740 1721 846 1794 modo,
861 1721 1085 1784 monasterium
1099 1713 1152 1782 uel
1163 1719 1265 1782 eccle·

236 1831 297 1894 sias
318 1831 458 1912 predicta
478 1831 644 1914 inquibus
665 1833 734 1893 iura
752 1833 933 1894 huiusmodi
954 1852 989 1895 sc
1003 1833 1120 1894 habere
1136 1839 1265 1894 conten-

235 1941 328 2016 dunt,
349 1950 402 2005 aut
422 1941 540 2024 aliquid
562 1944 601 2004 de
622 1943 714 2005 bonis
735 1943 787 2004 uel
810 1943 931 2006 iuribus
953 1945 993 2006 ad
1012 1945 1096 2026 ipsas
1116 1942 1264 2007 ecclesias

237 2053 288 2115 ael
313 2055 502 2117 monasteria
525 2055 738 2136 spectantibus
769 2073 825 2137 per
850 2075 885 2118 se
910 2055 962 2118 nel
988 2056 1065 2118 alios
1091 2073 1263 2136 occupare,

236 2153 393 2241 uendere,
415 2168 551 2242 donere,
574 2175 770 2248 permutare,
792 2168 911 2242 locare,
933 2175 986 2229 aut
1001 2168 1061 2228 alio
1075 2169 1169 2229 modo
1186 2187 1265 2248 quo-

236 2296 362 2360 eunque
384 2278 536 2353 alienare,
559 2299 614 2340 seu
630 2279 712 2340 bona
723 2277 795 2359 ipsa
809 2285 863 2340 aut
877 2277 994 2340 fructus
1009 2277 1131 2360 aliquos
1146 2277 1178 2338 in
1192 2297 1265 2358 per-

236 2398 366 2472 petuum
380 2391 432 2454 uel
446 2392 486 2454 ad
501 2397 636 2472 tempus.
658 2397 712 2452 aut
726 2391 802 2452 alias
817 2391 849 2452 in
865 2391 995 2452 feudum
1003 2434 1012 2464 ,
1034 2409 1089 2452 sen
1103 2391 1135 2451 in
1149 2391 1264 2472 pignus

237 2503 324 2576 daie,
338 2503 513 2566 concedere
528 2502 581 2565 uel
594 2503 748 2585 recipere,
764 2511 817 2566 aut
832 2501 950 2586 aliquid
964 2503 1049 2566 aliud
1063 2505 1146 2566 circa
1161 2501 1266 2584 dispc-

237 2613 389 2676 tieioncm
412 2621 443 2678 ct
465 2613 700 2677 ordinacionem
723 2609 925 2677 ecclesiarum
951 2621 982 2676 et
1004 2615 1266 2677 monasteriorum

238 2725 450 2806 predictorum
471 2745 529 2788 scu
548 2725 705 2788 bonorum
728 2727 890 2788 mobilium
913 2725 964 2788 uel
985 2723 1191 2788 immobilium
1212 2727 1267 2786 aut

238 2854 273 2899 se
294 2837 511 2910 mouencium,
543 2845 575 2899 et
598 2835 712 2900 iurium
738 2835 910 2899 eorundem
934 2836 1061 2916 propria
1084 2835 1266 2898 auctoritate

238 2951 424 3026 attemptare
443 2956 639 3028 presumant,
660 2947 744 3012 ueris
758 2949 900 3030 patronis
915 2946 1136 3020 ecclesiarum,
1159 2965 1269 3008 mona-

238 3059 422 3133 steriorum,
442 3057 614 3140 legacionis
636 3057 756 3140 prefate
778 3061 810 3120 in
828 3057 942 3140 quibus
958 3059 1099 3122 ecclesiis
1114 3066 1147 3121 et
1160 3077 1269 3120 mona-

238 3169 341 3232 steriis
365 3169 413 3231 ius
433 3169 576 3247 obtinent
596 3177 779 3250 patronatus
800 3169 870 3231 iure
892 3167 1082 3251 competenti
1102 3163 1267 3232 occasione

237 3281 416 3344 huiusmodi
438 3262 624 3364 patronatus
643 3289 768 3344 seruato
788 3281 821 3343 in
842 3287 980 3356 tantum,
1008 3283 1042 3343 in
1064 3281 1267 3364 quantumin

236 3393 299 3456 bae
322 3401 412 3476 parte
437 3394 575 3476 patronis
595 3393 798 3456 ecclesiarum
822 3395 973 3456 canonica
993 3393 1133 3456 instituta
1154 3411 1268 3457 conce·

239 3507 325 3568 dunt.
353 3513 603 3587 transgressores
619 3513 722 3568 autem
738 3505 973 3568 constitucionis
988 3505 1168 3568 huiusmodi
1181 3511 1268 3586 post-

238 3635 365 3697 quama
380 3616 556 3680 diecesanis
570 3623 601 3678 et
615 3616 681 3680 aliis
695 3617 910 3698 superioribus
924 3617 1047 3679 illarum
1062 3615 1267 3680 ecclesiarum

237 3729 269 3790 in
284 3727 397 3810 quibus
412 3729 552 3810 predicta
566 3728 618 3790 uel
633 3729 845 3810 predictorum
862 3727 967 3810 aliqua
982 3729 1192 3810 attemptauit,
1209 3705 1267 3810 per

237 3839 420 3904 charitatem
441 3841 591 3903 admoniti
613 3841 746 3914 fuerint,
768 3839 829 3903 nisi
847 3835 929 3902 infra
951 3840 1118 3902 terminum
1137 3843 1176 3904 ab
1191 3839 1266 3922 ipsis

238 3949 416 4014 diecesanis
439 3944 573 4032 uel'per
594 3951 671 4014 alios
693 3951 845 4015 dictarum
866 3949 1070 4014 ecclesiarum
1088 3953 1266 4040 superiores

238 4063 440 4126 statuendum
462 4061 581 4125 eisdem
600 4061 638 4124 ab
660 4063 800 4145 ipsarum
815 4063 1019 4127 ecclesiarum
1042 4061 1095 4126 uel
1109 4055 1268 4124 monaste-

236 4155 373 4248 riorum,
386 4191 444 4237 scu
457 4173 630 4248 bonorum,
645 4191 681 4235 ae
695 4174 809 4236 iuriam
824 4175 999 4238 eorundem
1013 4193 1108 4256 super
1117 4167 1267 4255 predictis

237 4283 463 4350 molestacione
483 4291 515 4349 et
532 4283 773 4368 perturbacione
795 4285 991 4362 destiterint,
1017 4291 1049 4350 et
1067 4283 1106 4348 ad
1124 4281 1266 4369 ipsorum
