2920 4758
320 373 423 420 oraro
437 374 468 420 rs
482 373 572 418 sura
586 370 690 420 nesse
701 371 896 418 suesanus.
933 351 1023 420 luae
1113 431 1114 434 Ἴ
1128 349 1188 419 iti

144 537 199 594 tra
214 549 328 592 eorum
341 527 510 610 priuilegia
524 529 551 590 si
566 546 629 610 que
644 527 774 600 hahent,
788 527 923 590 scienter
934 546 997 588 non
1013 525 1188 592 rediemus

146 663 249 724 super
264 641 405 703 collectis
419 659 497 702 uero
513 661 571 721 per
584 659 718 722 regnum
733 647 875 703 nostrum
895 637 963 700 aliis
978 637 1187 720 imponendis,

145 773 282 836 pernes
304 761 336 814 et
359 753 497 832 legatum
519 751 702 815 consulatur
724 750 870 815 domiuus
893 768 990 832 papa,
1006 750 1092 812 ¹sicut
1112 769 1187 811 con-2

145 867 299 930 uenimus
329 851 400 926 cura
426 865 537 926 eodem
564 865 604 925 de
631 861 865 926 consultaoione
893 862 1036 924 facienda
1058 861 1186 926 domiuo

147 997 234 1060 pape
251 997 347 1058 super
361 975 484 1038 iudiciis
502 983 667 1038 terrarum.
723 1033 724 1038 ,

235 1089 314 1164 (17)
343 1089 420 1150 Item
442 1085 572 1168 singulis
597 1085 754 1158 ecclesiis,
787 1085 866 1148 sales
892 1083 1082 1149 habentibus
1105 1082 1186 1149 inira

146 1199 264 1281 uiginti
278 1200 418 1280 quinque
434 1198 519 1271 dies,
542 1204 707 1278 postquam
722 1197 909 1264 redierimus
923 1197 963 1260 de
977 1192 1110 1270 Ruscia,
1120 1237 1121 1240 κ
1131 1214 1185 1259 co-

147 1329 219 1372 ram
240 1309 361 1392 prefato
384 1309 557 1371 uenerabili
578 1307 682 1388 legato
697 1283 769 1369 cum
784 1305 856 1368 filiis
871 1306 987 1393 nostris
1001 1325 1185 1386 comparen-

148 1431 210 1497 tes,
230 1421 292 1485 hoc
315 1405 397 1483 auno
421 1423 564 1484 dabimus
585 1427 727 1502 patentes
749 1418 866 1485 litteras
889 1439 985 1500 super
998 1417 1079 1480 sales
1099 1437 1184 1492 suos,

147 1527 327 1597 secundum
347 1534 481 1596 formam
503 1534 591 1596 istius
615 1531 873 1613 composicionis,
896 1538 928 1594 et
948 1549 1055 1594 coram
1070 1531 1183 1594 eodem

147 1645 254 1726 legato
277 1653 308 1707 et
330 1624 485 1726 episcopis
506 1645 620 1709 nostris
635 1653 709 1713 tunc
724 1643 858 1725 publice⁴
869 1643 962 1716 istam
977 1641 1183 1728 composicio·

148 1775 224 1817 nem
246 1763 278 1818 et
295 1737 430 1838 primum
456 1763 486 1818 et
511 1755 684 1816 secundum
706 1755 767 1818 hoc
788 1755 951 1836 solempne
971 1753 1182 1820 iuramentum

146 1885 412 1952 recognoscemus
441 1865 572 1928 iecisse:
609 1865 762 1947 dictisque
793 1867 907 1936 nostris
935 1865 1117 1927 iuramentis
1145 1883 1182 1926 ac

145 1976 235 2041 bulla
249 1984 357 2038 nostra
372 1997 481 2050 aurea,
503 1977 564 2040 ista
580 1977 718 2058 quelibet
734 1967 954 2054 confirmasse,
969 1977 1073 2049 dando
1088 1995 1182 2056 super

144 2089 215 2150 istis
230 2097 304 2150 tunc
319 2089 451 2150 lercium
467 2109 524 2169 par
539 2089 728 2162 litterarum,
750 2067 867 2152 nostra*
878 2088 964 2150 hulla
977 2109 1074 2151 aurea
1087 2089 1181 2150 robo-

145 2207 307 2272 ratarum,
336 2199 540 2262 olfacientes
565 2202 669 2264 iurare
695 2199 881 2282 palatinum,
907 2200 966 2261 nisi
987 2199 1073 2280 prius
1097 2199 1181 2262 iura-

145 2311 241 2374 uerit.
1161 2373 1174 2407 ·.

200 2417 209 2432 ¹
232 2423 302 2500 Qne
318 2419 567 2506 omnias'ingula
588 2425 800 2506 suprascripta
824 2435 960 2507 sponte,¹
976 2425 1095 2506 sosque
1117 2423 1181 2486 ulla

148 2535 337 2599 condicione
358 2537 504 2618 implere,
526 2556 562 2598 ae
582 2535 673 2598 firma
693 2543 725 2600 et
742 2515 861 2600 illibata
876 2558 931 2618 per
949 2555 1019 2613 nos,
1040 2545 1182 2608 nostrosr

148 2667 216 2728 que
237 2665 437 2710 successores
462 2647 707 2728 omnitempore
732 2648 915 2724 obseruare,
936 2667 995 2710 nec
1019 2649 1051 2724 in
1076 2649 1180 2730 aliquo

150 2761 372 2822 contrauenire
393 2779 450 2822 seu
465 2761 567 2822 ueniri
585 2761 786 2842 permittere,
807 2781 880 2824 neu.
900 2769 989 2842 patre
1009 2763 1043 2822 Β.
1058 2761 1183 2842 Uespri-

150 2871 265 2944 miensi
290 2872 457 2953 episcopo,
479 2879 511 2936 et
530 2874 678 2954 magistro
693 2873 918 2954 Cognoscenti,
940 2874 1092 2938 canonico
1107 2873 1184 2944 Stri-

149 2981 311 3063 goniensi,
332 2983 447 3055 nuncio
471 2989 501 3044 et
519 2982 681 3064 capellano
697 3003 773 3064 sepe
796 2983 869 3045 dicti
881 2965 985 3066 legati
1005 2983 1184 3064 recipienti-

149 3093 210 3154 bus
225 3093 351 3154 nomine
368 3101 398 3154 ct
413 3095 560 3156 mandato
575 3095 673 3175 ipsius
691 3093 786 3177 legati
802 3103 833 3158 et
845 3096 915 3158 uice
931 3104 962 3159 et
978 3097 1104 3158 nomine
1119 3097 1182 3158 Ro*-

150 3221 245 3263 mane
260 3202 403 3276 ecclesie,
419 3211 450 3264 el
465 3204 604 3266 omnium
620 3205 824 3268 ecclesiarum
836 3207 980 3289 Ungarie,
996 3209 1035 3271 de
1050 3207 1182 3270 consilio

151 3312 239 3374 curie
253 3321 375 3387 nostre,
397 3315 485 3376 tactis
501 3315 708 3378 sacrosanctis
725 3317 906 3399 euangeliis,
926 3317 1135 3399 promittimus
1149 3325 1182 3382 et

149 3424 306 3484 iuramus:
337 3425 481 3486 iubentes
508 3425 687 3510 carissi-mos
711 3425 791 3502 filios
816 3407 950 3502 nostros,
975 3429 1182 3492 olfacientes

149 3533 367 3616 infrascriptos
382 3536 564 3618 iobagiones
579 3517 705 3600 nostros
728 3539 786 3599 sub
801 3539 854 3601 tali
867 3539 968 3602 forma
982 3541 1101 3603 iurare:
1123 3561 1181 3604 nos

151 3663 258 3706 comes
279 3645 443 3720 Nicotaus,
464 3645 546 3707 filius
566 3647 687 3720 Borch,
708 3649 796 3730 Moys
817 3669 936 3724 comes,
956 3651 1100 3714 Nicolaus
1118 3633 1182 3715 fra-

148 3763 200 3817 ter
214 3755 320 3837 Moys,
343 3775 447 3818 comes
461 3757 667 3832 Benedictus,
688 3759 867 3822 Alexander
881 3781 998 3836 comes,
1018 3763 1115 3826 frater
1126 3765 1182 3826 Se-

148 3865 226 3939 hus,
247 3865 324 3948 Fyla
339 3885 461 3940 comes,
483 3865 593 3930 Petrus
609 3887 714 3932 comes
723 3915 731 3944 ,
746 3869 842 3932 frater
855 3872 1012 3947 Marcelli,
1026 3873 1182 3950 Nicolaus,

149 3976 302 4058 magister
314 3975 573 4051 Tauarnicorum,
587 3977 720 4042 Michael
735 3981 883 4064 magister
894 4003 1079 4064 agasonum,
1093 3985 1182 4046 Mau-

147 4087 246 4149 ricius
268 4087 420 4170 magister
441 4088 670 4169 dapiferorum,
700 4092 808 4173 Bagou
837 4095 986 4178 magister
1016 4095 1181 4176 pincerna-

148 4219 240 4262 rum:
262 4199 354 4263 uobis
374 4198 542 4282 predictis,
563 4221 671 4264 uener.
686 4201 719 4264 P.
734 4203 768 4263 B.
784 4203 1007 4286 Uesprimiensi
1022 4203 1179 4291 episcopo,

892 4303 934 4366 29
