2978 4754
255 447 320 512 'ten
577 461 761 518 nonnus
788 463 829 510 ιι
850 461 964 510 um.

257 619 399 684 meum
420 619 575 684 miserunt
593 617 782 684 Usrnsiinosn
808 617 849 682 sd
869 633 1003 680 examen
1020 614 1098 678 iorni
1118 613 1293 691 sentientis,

259 731 314 796 nbi
334 731 511 796 nominetur
531 732 642 796 Petrsn
670 737 792 814 porteto
814 729 901 792 terro
926 747 984 810 pro
1005 745 1040 791 re
1062 735 1096 792 ot
1115 726 1213 792 irstre
1233 747 1293 792 ruo

259 843 444 910 iustiflostos
464 853 521 908 est.
1083 875 1089 882 -

343 949 430 1034 (³57)
458 952 536 1016 Cum
559 952 752 1016 hereditoria
773 953 881 1035 poreio
903 951 1022 1016 Nieoisi
1042 950 1099 1014 titii
1121 951 1230 1014 Endos
1250 951 1293 1014 rie

262 1069 345 1128 terro
358 1061 515 1126 Borozlon
534 1064 566 1126 in
584 1064 635 1126 ius
649 1064 733 1128 Petri
754 1063 810 1128 iiiii
824 1063 909 1128 Petri
933 1063 1044 1126 ordine
1063 1061 1201 1126 iudiciali
1224 1079 1294 1126 oes-

262 1173 371 1248 sisset,
390 1173 476 1238 idern
490 1173 601 1238 Petrus
624 1176 772 1250 arensis,
793 1175 879 1258 qnod
899 1175 1134 1257 prenominatus
1149 1173 1293 1239 iiiooiens

262 1285 296 1348 in
313 1293 400 1350 terro
420 1285 532 1350 eodem
552 1295 674 1368 portem
696 1287 874 1369 emptieisns
895 1287 1027 1352 heberet
1047 1289 1154 1368 preter
1167 1285 1295 1350 heredi-

263 1396 385 1462 teian
421 1395 507 1480 qnod
530 1417 602 1460 oon
624 1397 798 1460 coheredes
819 1397 961 1460 eiusdem
975 1395 1118 1470 -Niooiei,
1145 1396 1296 1458 uirtsttoes

266 1505 410 1590 Geponns
428 1525 545 1584 eomes,
566 1509 686 1584 Petrus,
707 1509 840 1574 ioannes
862 1519 894 1572 et
907 1509 1021 1572 Pontus
1043 1517 1212 1591 negarent,
1233 1509 1294 1571 Ln-
1404 1576 1407 1582 ,

266 1617 383 1682 dislsns
397 1637 504 1683 onmes
517 1621 623 1702 posuit
635 1641 730 1702 super
743 1622 952 1684 iuramentum
967 1619 1141 1682 eorundem
1152 1617 1296 1682 condini-

266 1748 390 1804 sornm,
409 1737 441 1793 et
454 1731 528 1794 dato
544 1731 694 1813 pristaldo
710 1734 835 1794 nornine
848 1733 953 1795 Beehe
966 1731 1031 1794 ono
1046 1721 1129 1794 Petri
1143 1730 1227 1794 misit
1239 1749 1295 1792 eos

267 1839 475 1916 Ueredinum,
505 1842 559 1904 ubi
582 1861 653 1904 oum
679 1843 784 1906 insero
809 1842 942 1908 inissent
967 1843 1083 1925 poroti,
1111 1847 1296 1924 procurator

267 1952 352 2016 Petri
372 1953 500 2018 nomine
519 1953 630 2018 Hunno
650 1955 804 2032 iusticiam
825 1956 1081 2020 aduersariorum
1105 1953 1224 2016 domini
1248 1953 1297 2016 sni

267 2081 511 2146 recognoscens,
521 2084 584 2130 non
595 2065 752 2129 sdiuronit
762 2085 828 2140 eos,
839 2065 999 2130 dimittens
1014 2066 1060 2128 eis
1075 2073 1191 2127 terrens
1203 2083 1297 2145 quens

269 2173 610 2240 dominnseinsPetrur
619 2195 677 2258 pro
689 2177 834 2259 emptioio
845 2184 933 2260 porte
947 2175 1300 2260 requisissetoonnenit

270 2287 371 2352 eniens
390 2287 442 2351 itte
456 2287 570 2352 Hubno
588 2289 683 2352 iudioi
702 2289 881 2353 satisfecere
904 2288 936 2350 in
951 2296 1028 2362 toto,
1048 2287 1198 2370 prisotrto
1220 2303 1299 2349 uero

268 2398 303 2462 in
317 2406 415 2481 porte.
437 2407 583 2483 pretereo
597 2401 796 2482 supradictus
807 2401 917 2464 Petrus
930 2400 1098 2482 requiriuit
1108 2399 1187 2462 does
1198 2399 1300 2473 uillas,

269 2511 390 2574 seilicet
402 2509 545 2586 Gurbuo,
560 2517 592 2574 et
605 2509 761 2584 Fekethe‚
772 2531 830 2593 pro
846 2523 930 2576 terre
941 2510 1059 2574 Nieotst
1073 2529 1113 2573 ex
1124 2509 1299 2574 donatione

270 2621 356 2704 repis
369 2619 450 2703 petri
464 2639 523 2684 sno
536 2621 626 2686 Endo
642 2621 770 2696 esitato,
792 2623 841 2684 oni
856 2641 927 2686 oum
942 2623 1150 2704 prenominati
1165 2629 1300 2705 quatuor

270 2731 415 2796 nominos
438 2733 706 2808 contradicerent,
728 2743 905 2799 asserentes
929 2755 981 2798 eos
1001 2735 1062 2816 ipsi
1079 2734 1301 2798 Nieolnoonm

271 2843 349 2927 ipsis
370 2863 440 2908 esse
461 2844 678 2920 hereditarios,
698 2854 731 2908 et
743 2846 805 2910 noo
821 2846 1000 2910 testimonio
1020 2846 1188 2910 multorum
1201 2845 1303 2910 bono-

272 2971 343 3016 snm
366 2951 528 3017 hominnm
551 2956 824 3038 eomprobnssent,
854 2955 1015 3038 prediotns
1039 2957 1134 3020 indos
1157 2971 1215 3037 per
1238 2956 1303 3018 iens

275 3064 392 3128 oiston
412 3066 597 3148 pristaldum
619 3068 703 3132 misit
723 3087 778 3130 eos
799 3067 990 3130 Uoredinuns
1011 3067 1052 3132 sd
1074 3081 1210 3130 examen·
1226 3065 1302 3128 feni

275 3175 453 3240 candentis:
475 3177 530 3240 ubi
543 3177 640 3240 horno
653 3179 794 3260 ipsorum
810 3185 933 3260 portato
948 3177 1032 3240 terro
1045 3175 1230 3242 iustificatos
1245 3183 1303 3240 est.

359 3283 448 3369 (358)
468 3290 543 3370 Meg
557 3289 597 3352 de
611 3287 686 3354 uitis
696 3290 779 3352 Pons
793 3307 864 3352 oum
878 3289 948 3352 otiis
957 3288 1198 3372 ioubngionibns
1210 3287 1303 3352 nostri

277 3396 361 3471 Cios,
375 3397 494 3461 seilicet
506 3398 614 3462 Erdeu
627 3399 768 3480 principe
784 3400 951 3474 exereitus,
965 3399 1128 3472 Chieoioo,
1141 3402 1305 3482 'senonen

278 3509 385 3572 Pouoe
405 3509 646 3592 orohipreoone,
666 3509 868 3594 Choyoimsns
887 3521 921 3576 et
933 3511 1071 3585 liniche,
1098 3513 1242 3586 uidentes
1263 3511 1304 3574 de

179 3657 183 3665 ·
278 3621 420 3706 predicta
442 3629 528 3686 terra
549 3621 644 3687 nestri
666 3631 790 3706 partem
811 3624 852 3687 ed
873 3625 938 3688 dno
958 3631 1063 3687 erstro
1084 3624 1305 3707 squibnsdom

279 3733 399 3808 alienis,
419 3735 567 3800 uidelioet
581 3733 744 3811 Gotfredo,
764 3737 921 3810 Forensio,
941 3735 1020 3811 Ussn,
1042 3735 1182 3810 otberto,
1203 3737 1307 3810 Petro,

278 3847 419 3922 sndrss,
448 3856 481 3910 et
503 3849 585 3922 Fila,
614 3847 727 3912 iniuste
753 3849 916 3930 oocupnri,
937 3846 1112 3912 citauerunt
1135 3847 1207 3910 ilios
1233 3855 1306 3910 ente

280 3959 497 4025 Sebastianum
517 3960 662 4024 comitem
683 3961 724 4023 de
739 3960 822 4034 Cius,
843 3961 979 4024 iudioom
1000 3979 1108 4043 eroge
1122 3959 1199 4022 Belo
1220 3959 1308 4022 dele-

281 4079 403 4158 goson,
425 4070 479 4156 qni
497 4069 609 4138 andins
629 4071 791 4157 responsis
809 4072 973 4157 utriusque
988 4071 1094 4156 portis,
1108 4081 1171 4157 'per
1184 4069 1308 4154 pristal-

282 4183 358 4252 rinrn
370 4183 497 4252 nornine
508 4183 625 4252 Foroos
638 4183 738 4252 filium
749 4183 860 4252 Chokn
874 4185 914 4252 de
928 4183 1004 4252 uitis
1017 4183 1148 4260 Seldeu,
1168 4183 1253 4250 misit
1267 4183 1307 4249 ssi

283 4293 502 4400 surrentini
513 4295 672 4370 rodentis
682 4297 883 4369 Uestinum.
903 4297 1309 4390 nbiprenorninstisetores
