2924 4758
340 1283 380 1362 S.
398 1283 666 1360 STEPHANI
690 1281 848 1358 REGIS
873 1277 1238 1358 nncnnnonoul

707 1438 813 1502 LIBRI
832 1437 870 1500 Π.

273 1582 296 1634 E
312 1579 399 1632 codiee
410 1579 603 1630 membranaceo
617 1577 705 1630 saculi
716 1578 777 1630 xil.
792 1576 944 1629 monasterii
959 1577 1143 1630 Admontensis
1160 1576 1188 1628 in
1200 1577 1303 1646 styrie,

295 1677 343 1724 ete
355 1672 443 1724 oodioa
453 1672 590 1723 ohertooeo
602 1669 692 1722 suuuli
703 1671 762 1722 XV.
772 1669 930 1722 bibliothece
941 1670 1060 1738 palatine
1066 1669 1278 1724 vindobonensis.

609 1819 971 1840 m

491 1965 686 2030 PREFACIO
709 1965 878 2030 IIEGALIS
902 1965 1085 2030 DECRETI.

709 2107 874 2122 m

355 2203 535 2306 IIegnante
551 2221 657 2284 diuina
672 2221 845 2284 clemencia
858 2241 937 2303 opus
951 2221 1064 2303 regalis
1076 2222 1234 2303 dignitatis
1246 2218 1303 2284 ali·

273 2337 381 2402 monia
394 2337 548 2402 kathofioe
562 2335 637 2399 fidei
653 2337 816 2411 effectum,
830 2335 961 2418 amplius
976 2355 1013 2400 ao
1026 2335 1158 2401 solidius
1172 2335 1301 2400 alterius

273 2450 430 2533 dignitatis
449 2449 597 2531 operibus
618 2448 700 2510 solet
718 2448 839 2512 adesse.
871 2455 902 2510 et
923 2448 1069 2529 quoniam
1090 2467 1301 2532 unaqueque

273 2580 351 2643 gens
371 2558 507 2642 propriis
527 2559 623 2621 utitur
635 2557 776 2640 legibus,
798 2559 915 2622 ideirco
929 2577 988 2620 nos
1000 2577 1129 2640 quoque
1152 2559 1204 2622 dei
1223 2567 1301 2622 nutu

272 2679 413 2734 nostram
435 2671 645 2754 gubernantes
666 2669 898 2744 monarchiam,
919 2669 1065 2752 antiquos
1087 2679 1119 2732 et
1132 2672 1301 2738 modernos

272 2780 429 2846 imitantes
444 2788 604 2862 augustos,
624 2781 775 2844 decretali
790 2781 999 2844 meditacione
1016 2789 1122 2844 nostre
1138 2782 1301 2846 statuimus

274 2891 374 2974 genti,
402 2890 670 2972 quemadmodum
696 2890 862 2954 honestam
885 2899 916 2954 et
936 2891 1123 2956 inoffensam
1149 2893 1302 2956 ducerent

272 3002 379 3064 uitam.
408 3008 443 3064 ut
463 3001 544 3064 siout
558 3000 673 3062 diuinis
689 3001 812 3082 legibus
827 3009 900 3064 sunt
914 3002 1018 3076 ditati,
1044 3002 1186 3066 similiter
1199 3004 1302 3067 eciam

197 3151 199 3154 <
274 3112 468 3176 secularibus
490 3111 621 3185 addioti,
641 3118 677 3172 nt
691 3117 842 3192 quantum
862 3111 938 3174 honi
959 3113 992 3174 in
1007 3112 1057 3176 his
1072 3113 1221 3176 diuinitus
1236 3133 1302 3176 am·

273 3223 418 3305 pliantur,
439 3231 558 3286 tantum
579 3221 627 3284 rei
646 3221 679 3282 in
700 3220 767 3284 istis
789 3219 968 3286 multentur.
994 3244 1056 3308 que
1070 3231 1175 3288 autem
1190 3225 1301 3288 deere-

273 3333 387 3409 nimus,
406 3334 439 3396 in
453 3333 658 3416 sequentibus
671 3332 910 3396 subnotaoimus
922 3334 1023 3398 lineis.

660 3543 906 3557 ——n-——n-

581 3697 754 3750 curionum
771 3699 877 3752 IIUIIJS
893 3701 999 3754 hinni.

274 3823 297 3876 1.
369 3822 408 3872 IJe
420 3823 491 3870 stetu
505 3833 591 3872 rerum
603 3821 846 3873 ecclesiastieorum.

273 3915 309 3968 11.
366 3913 405 3964 Ite
417 3916 543 3980 potestate
557 3912 735 3980 episcoporum
746 3929 873 3981 supertes
885 3913 1080 3968 eeclesiasticam
1091 3931 1227 3987 eorumque
1237 3931 1302 3970 oon·

402 4003 536 4056 uenienoiu
548 4019 605 4056 aum
617 4005 700 4057 IeioIs.

273 4100 323 4154 III.
369 4097 464 4162 Quales
477 4113 536 4150 esse
551 4098 658 4151 debeant
669 4102 834 4152 aecusatores
844 4104 870 4152 et
881 4105 963 4154 testes
974 4099 1138 4154 olerioorum.

172 4189 175 4193 ’
274 4194 321 4247 IV.
369 4193 435 4246 Item
447 4193 478 4244 de
491 4193 588 4244 eodem.

274 4286 307 4341 V.
372 4286 411 4342 Do
421 4285 509 4340 labore
520 4284 691 4340 secerdotum.
