2904 4754
144 437 234 484 nunu
249 437 290 484 rr.
305 433 395 482 rnars
408 406 558 484 uinariis
573 419 677 482 civruu
692 430 947 482 zrcnrrnrnsrou.
984 415 1073 481 1286.
1114 417 1177 482 5οΊ

228 589 273 674 (6)
284 591 373 655 'item
385 591 466 654 ultra
475 589 669 656 uoluntatem
682 611 792 655 eorum
804 595 861 672 per
872 589 1018 654 comitem
1032 589 1073 653 ad
1084 609 1176 654 excr-

142 703 241 766 citum
263 700 309 765 ire
331 722 394 764 non
417 711 579 785 cogantur,
600 701 658 764 nisi
679 703 710 765 in
727 701 866 766 exercitu
887 701 971 784 regis
985 699 1044 763 sub
1058 699 1174 763 uexillo

143 835 217 890 suo,
237 813 291 878 uel
306 833 345 876 ex
358 815 506 878 mandatu
520 811 587 877 eiu's
601 813 741 898 speciali.
810 858 816 868 .
928 818 931 828 “
994 813 998 828 ’
1103 821 1106 829 ’

229 924 279 1006 (7)
302 924 377 988 item
399 923 519 988 uillicus
542 943 649 987 corum
672 925 704 987 in
726 923 850 986 minutis
868 923 969 987 causis
992 921 1078 1005 ipsos
1094 921 1175 985 iudi-

142 1037 245 1110 cabit,
267 1043 299 1100 ct
319 1035 448 1099 terciam
470 1045 590 1120 partem
612 1035 798 1098 iudiciorum
820 1033 878 1096 sibi
894 1031 1047 1107 seruabit,
1068 1040 1100 1097 et
1114 1032 1174 1097 alie

142 1147 209 1211 (lue
224 1155 329 1230 partes
344 1147 449 1210 comiti
463 1167 573 1210 eorum
587 1147 804 1210 remanebunt.

148 1239 151 1243 Ι
229 1257 274 1341 (Β)
285 1243 374 1322 ¹Item
389 1259 495 1321 comiti
510 1257 549 1322 de
564 1257 721 1340 Szeguszd
743 1257 841 1321 semel
862 1255 895 1319 iu
909 1277 992 1322 auno
1008 1256 1174 1340 prandium
1208 1279 1210 1282 ·

143 1379 178 1436 el
202 1389 313 1434 cenam
333 1378 481 1433 tenentur
499 1367 736 1444 administrare,
759 1378 851 1451 prout
870 1367 922 1432 alil
936 1367 1084 1432 'eiusdem
1099 1387 1175 1432 con·

143 1483 280 1546 dicionis
293 1481 519 1547 administrant.

228 1591 273 1674 (ut
296 1581 374 1656 Item
394 1575 452 1680 pro
473 1593 613 1658 nouitate
634 1593 755 1657 comitis
773 1599 921 1656 tenentur
934 1591 1008 1654 dare
1024 1591 1103 1655 duos
1118 1591 1174 1654 de.-

143 1701 252 1766 narios
266 1703 306 1766 dc
319 1701 449 1786 singulis
464 1689 678 1768 mansionibus
693 1704 863 1767 annuatim.

159 1837 163 1840 ·
228 1811 294 1895 (10)
315 1815 393 1878 Item
414 1815 512 1878 semel
533 1815 566 1877 in
586 1835 668 1877 anno
690 1814 757 1896 regi
775 1833 906 1880 munera
926 1813 1002 1878 dare
1017 1821 1173 1890 tenentur,

145 1931 177 1989 et
200 1923 366 2013 pabulum,
387 1926 473 2009 quod
494 1925 591 2008 uulgo
607 1922 718 1989 dicitur
732 1927 872 2000 uamzalr,
893 1927 933 1990 ad
949 1925 1079 1990 Clicium
1101 1949 1173 2011 por-

143 2043 284 2100 tare'suo
299 2037 393 2100 modo
408 2035 645 2118 compellantur.

230 2143 294 2230 (11)
314 2147 392 2211 llam
414 2169 470 2230 pro
488 2147 708 2230 purificacione
730 2148 916 2210 sacramenti
934 2148 1012 2212 duos
1027 2149 1172 2213 denarios

143 2260 270 2324 soluere
285 2259 484 2322 tenebuntur.
594 2275 597 2280 '
871 2279 884 2312 ‹

175 2360 178 2374 '
225 2370 263 2434 Ut
280 2369 374 2454 igitur
386 2367 446 2436 hec
465 2380 573 2435 nostra
593 2369 753 2436 ordinacio
774 2379 927 2456 perpetue
946 2368 1100 2435 firmitatis
1119 2393 1171 2434 ro·

139 2483 202 2546 hur
216 2483 381 2556 obtineat„
391 2501 450 2546 nec
467 2483 566 2565 possit
580 2482 612 2546 in
627 2476 788 2566 posterum
811 2479 870 2568 per
884 2482 1020 2566 aliquem
1040 2481 1172 2559 irritari,

138 2601 306 2676 presentes
325 2593 432 2658 literas
447 2593 574 2660 eisdem
598 2593 772 2677 hospitibus
794 2596 1015 2671 concessimus,
1036 2595 1172 2678 duplicis

140 2699 235 2786 sigilli
256 2705 354 2767 nostri
375 2704 545 2768 munimine
568 2706 750 2788 perenniter
771 2707 944 2770 roboratas.
966 2709 1169 2772 datum'anno

139 2815 259 2878 domini
282 2809 527 2881 necantur.
548 2815 620 2880 idus
640 2817 726 2902 Sept.
741 2819 831 2900 regni
852 2827 956 2882 autem
972 2819 1071 2882 nostri
1085 2837 1169 2882 anno

138 2927 282 2990 xxvlu.
733 2931 736 2938 “
780 2931 782 2936 ’
946 2953 948 2957 ·

487 3307 602 3396 Billi
620 3309 678 3394 ll.
700 3307 823 3394 uuus

179 3480 446 3612 cinnum
471 3488 659 3565 civium
680 3485 1125 3584 ZAGRABIENSIUM.

556 3644 747 3708 Mcunxvt.

492 3783 532 3836 un
545 3783 694 3850 apographo
712 3797 806 3834 corruo.

549 3925 756 3970 φ-ι-ιΒ--ιι-ιιιιι---ιιοΙ

151 4065 154 4070 ’
218 4055 293 4121 Bcla
309 4057 362 4121 dai
376 4055 481 4140 gracia
495 4055 673 4142 Hungarie,
693 4053 870 4133 Dalmacie,
891 4052 1036 4133 Crocale,
1057 4059 1165 4131 Ranae,

138 4167 245 4231 Seruio
252 4213 262 4244 ,
290 4167 434 4244 Gallicis,
460 4166 649 4234 Lodomeric
673 4161 887 4252 Cumanieque
919 4190 991 4243 rex,
1020 4167 1164 4232 omnibus

139 4277 251 4343 Christi
272 4275 430 4356 fidelibus,
449 4279 648 4362 presentibus
668 4288 700 4344 et
718 4279 841 4355 futuris,
862 4279 995 4343 salutem
1008 4278 1041 4340 in
1055 4276 1163 4342 saluus
