2904 4754
276 433 338 501 ΕΜ
379 453 467 500 nun
482 453 523 499 ιν.
536 451 628 498 unu
641 451 793 498 umnam
806 449 994 498 roronem
1007 449 1193 497 sansacu.
1223 429 1331 496 125&

277 625 343 670 sam
368 605 610 679 rennuendam,
637 623 696 687 pro
719 604 852 670 cerciorl
879 604 953 668 iacti
981 601 1121 677 cantela,
1147 602 1330 666 bominem

277 718 399 802 regium
414 715 647 799 adiungendum
663 725 694 781 et
709 715 899 780 audiendum
914 717 1092 800 producere
1107 722 1256 798 possunt.

360 828 418 903 (3)
439 825 590 890 Iudicium
611 827 805 901 eorundem,
825 834 920 910 prout
941 827 1041 909 ipsam
1063 826 1235 890 ecclesiam
1259 845 1330 909 per
1444 857 1445 878 ι

277 939 347 1022 pios
361 939 545 1002 decessores
559 945 683 1000 nosnos
703 937 761 1000 bac
781 937 932 1002 libertatis
946 939 1148 1020 praerogatiua
1161 937 1329 1000 nouimus

278 1049 319 1114 nb
338 1050 413 1112 olim
435 1050 629 1122 decoratam,
650 1049 820 1113 addictam
836 1049 935 1114 eciam
950 1048 1208 1112 ratibabieionem
1224 1050 1330 1111 inno-
1444 1073 1445 1078 ¹

277 1169 369 1236 nata,
389 1160 474 1243 quod
489 1159 703 1241 iobbagyones
717 1167 750 1224 et
766 1160 875 1242 populi
888 1160 1032 1223 eiusdem
1046 1159 1178 1222 ecclesie
1193 1159 1327 1222 Alben-

277 1273 331 1348 sis,
351 1291 411 1336 nec
424 1270 554 1336 Palatini
574 1291 631 1334 seu
645 1269 846 1354 uioepalatiul
862 1273 903 1334 ad
917 1273 1199 1356 congregacionem
1215 1291 1327 1354 geno-

277 1382 393 1458 ralean,
415 1390 469 1446 aut
484 1383 580 1446 eciam
596 1382 767 1464 specialem
788 1391 819 1444 et
836 1381 1072 1464 particularem,
1093 1403 1197 1464 neque
1213 1381 1326 1445 comi-

278 1503 345 1559 tum
358 1493 587 1576 parochialium
609 1513 666 1556 seu
689 1493 861 1555 eorundem
882 1491 975 1554 simul
995 1512 1066 1554 cum
1088 1491 1155 1555 aliis
1170 1511 1324 1554 commu-

277 1626 366 1680 nem,
378 1605 432 1668 uel
446 1605 513 1668 sine
528 1603 597 1666 aliis
611 1601 793 1668 uictualium
807 1603 1114 1668 administracionem
1130 1611 1162 1667 et
1174 1603 1323 1666 solucio-

277 1737 369 1790 nem,
390 1714 441 1778 uel
463 1731 671 1797 expensarum
686 1713 898 1798 quarumlibet
918 1733 975 1796 pro
996 1713 1074 1794 ipsis
1090 1712 1321 1796 elargicionem

278 1827 472 1899 faciendam,
492 1825 558 1888 ullo
573 1843 712 1908 unquam
732 1833 874 1908 tempore
889 1832 1065 1888 teneantur.

360 1936 419 2012 (i)
442 1935 535 2012 Quod
549 1955 608 1998 nec
619 1943 727 1998 contra
741 1936 865 2018 piorum
880 1943 1116 1998 antecessorum
1130 1943 1320 2000 nostrorum

279 2056 394 2116 statuta
414 2056 445 2112 et
465 2053 587 2122 neura,
608 2047 766 2110 Palatinus
788 2045 840 2110 uel
860 2046 1100 2130 uicepalatiuus,
1130 2055 1183 2110 aut
1203 2066 1319 2114 comes

273 2159 461 2243 ¹quicunque
481 2157 680 2241 parochialis,
700 2165 733 2220 et
752 2157 943 2240 generaliter
962 2158 1066 2222 nullus
1084 2160 1242 2222 baronum
1261 2158 1319 2222 uel

279 2289 448 2354 procerum
467 2269 558 2352 regni
575 2269 689 2342 nostri,
710 2289 808 2350 super
821 2269 952 2332 cosdem
967 2269 1139 2333 descensus
1154 2269 1318 2334 uiolentos

279 2381 384 2446 tacere
397 2382 536 2444 debeant
550 2389 644 2463 atque
657 2381 789 2462 possint.
810 2379 877 2442 imo
888 2381 915 2442 si
927 2399 1002 2444 casu
1013 2381 1220 2444 residenoiam
1230 2381 1319 2446 inter

278 2491 412 2556 eosdem,
431 2492 537 2556 lacere
553 2491 611 2554 uel
629 2511 726 2572 super
739 2491 869 2556 eosdem
887 2491 1100 2574 contingeret,
1122 2491 1200 2556 nibil
1211 2491 1317 2556 inuiti

278 2603 387 2670 tacere
402 2601 521 2666 eisdem
535 2611 709 2666 teneantur.
730 2623 834 2686 neque
849 2624 906 2684 per
919 2603 979 2665 boc
992 2602 1240 2666 iurisdictionem
1257 2603 1318 2668 ali-

279 2732 376 2796 quam
389 2713 561 2776 descensus
571 2711 717 2796 exigendi
728 2713 767 2775 ab
781 2713 856 2796 ipsis
872 2720 1020 2796 poterunt
1033 2713 1086 2776 uel
1100 2715 1221 2796 possint
1232 2735 1318 2797 quo·

279 2825 448 2888 dammodo
462 2824 642 2888 nendicans.

361 2939 419 3014 (5)
441 2936 614 3000 statuimus
637 2935 737 2998 eciam
759 2937 963 3010 mandantes,
997 2938 1083 3019 quod
1106 2937 1188 3001 intra
1211 2938 1315 3000 tocius

277 3048 369 3131 regni
382 3047 482 3111 nostri
497 3047 632 3110 confinia
646 3043 749 3110 nullas
762 3045 892 3129 cuiqaae,
913 3067 1019 3130 neque
1032 3047 1066 3110 in
1085 3047 1190 3123 terris,
1207 3069 1315 3131 neque

278 3160 312 3222 in
335 3159 443 3242 aquis,
464 3167 597 3240 excepto
619 3157 715 3220 naulo
735 3158 873 3241 nauigii,
893 3159 1062 3234 tributum,
1086 3159 1239 3223 telonium
1258 3167 1317 3222 *aut

280 3270 447 3352 pedagium
472 3287 528 3330 seu
551 3267 651 3330 eciam
666 3309 770 3330 .....
791 3267 901 3350 populi
924 3277 956 3332 et
979 3270 1194 3353 iobbagyones
1215 3271 1315 3354 ipsius

277 3379 412 3444 ecclesie
434 3378 510 3440 dare
533 3384 701 3440 teneantur
723 3421 873 3442 .......
887 3381 1175 3462 aprogeuitoribus
1198 3381 1316 3446 nostris

279 3489 413 3558 ecclesie
426 3495 611 3552 memorate.

307 3644 308 3648 η
362 3599 507 3682 Ut-igitur
521 3599 746 3681 promissarum
765 3601 927 3664 concessio
947 3601 1125 3666 libertatum
1148 3610 1181 3666 et
1200 3623 1316 3690 cartap-

279 3711 353 3776 dem
366 3710 535 3772 innouacio
549 3711 648 3774 robrrr
662 3711 801 3775 obtineat
812 3710 978 3788 firmitatis,
991 3734 1050 3776 nec
1064 3715 1104 3776 ab
1121 3715 1230 3796 aliquo
1243 3735 1316 3779 suc·

278 3843 440 3887 cessurum
460 3829 639 3886 nostrorum
662 3841 815 3904 processu
836 3824 987 3906 temporis
1001 3824 1107 3888 ualeat
1126 3827 1315 3907 perturbari,

277 3939 451 3996 memorate
464 3931 594 3996 Albensi
608 3932 742 3998 ecclesie
755 3941 920 4016 presentes
937 3933 970 3996 in
985 3935 1185 4000 stabilitatem
1197 3949 1315 4020 perpe·

277 4053 363 4110 tuem
381 4043 597 4108 concessimus
615 4043 738 4120 literas,
759 4043 851 4127 sigilli
872 4044 971 4108 nostri
986 4045 1117 4128 duplicis
1140 4048 1314 4112 munimine

277 4155 496 4222 communitas.
517 4156 625 4220 datum
639 4175 722 4222 anno
735 4155 965 4222 incmnacionis
977 4156 1133 4222 dominice
1145 4157 1314 4225 millesimo
