2978 4754
273 446 335 522 000
602 463 788 520 uesmou
804 468 845 518 os
858 457 982 520 russo:
1113 467 1118 475 ’

355 627 435 703 (00)
458 625 568 711 Scyrni
583 635 615 693 et
628 625 700 690 (liro
716 621 757 690 sle
771 623 847 688 ollio
859 624 934 688 Biee
949 625 1156 708 impecieruril
1169 620 1307 690 u'illsnos

274 741 315 803 tle
335 747 401 803 loto
417 737 491 802 nilla
506 737 614 822 Borsy,
637 757 744 802 cerem
759 733 906 802 Forossio
928 737 1042 800 comite
1061 735 1101 800 dc
1116 737 1216 800 Potes
1226 745 1242 811 ,'
1257 726 1305 801 tliss

133 911 136 916 Α
274 859 395 926 centes·
406 851 492 934 quod
506 869 576 914 cum
589 849 723 914 inissent
737 849 777 912 sd
790 847 1021 912 testificandum
1036 867 1094 930 pro
1107 848 1153 911 eis
1166 847 1199 911 in
1209 868 1305 914 censu

274 980 402 1036 eorum,
431 963 563 1026 duarum
584 981 760 1025 morcarum
781 959 931 1024 iecissent
953 976 1134 1042 expensam.
1159 961 1214 1042 qui
1233 947 1304 1022 curu

273 1073 336 1137 lsoe
357 1080 525 1154 negarent,
546 1089 565 1134 u
586 1072 669 1135 tliolo
690 1071 793 1134 iudice
814 1089 872 1153 per
892 1067 1075 1152 orisleldum
1090 1071 1248 1133 Urbanum
1264 1072 1304 1134 tle

274 1183 375 1247 Potolr
390 1180 579 1246 Uecellinum
601 1181 749 1246 destinati
771 1189 852 1244 erut.
882 1179 917 1243 lri
937 1169 1100 1244 uenientes
1121 1182 1162 1244 ud
1184 1179 1311 1268 ierrnni

214 1331 216 1341 ·
275 1293 481 1367 Uesedinum,
502 1292 556 1355 ubi
579 1289 689 1375 Scyrin
711 1301 775 1375 pro¹
788 1311 822 1355 se
845 1299 877 1356 el
900 1292 987 1355 socio
1009 1311 1067 1356 suo
1081 1291 1155 1356 olm
1177 1285 1304 1376 porteto

274 1407 363 1472 terro
375 1401 560 1470 iustificatos
575 1411 632 1467 est.
1299 1439 1303 1448 .

357 1519 458 1592 (100)
480 1513 652 1578 Uduornlci
674 1513 758 1596 regis
783 1515 823 1578 (le
843 1513 919 1578 uillo
940 1509 1079 1588 lonchol
1096 1514 1306 1598 imp‘eclernnl

275 1611 429 1714 quosdam
443 1627 485 1690 de
499 1626 611 1708 predio
627 1626 750 1690 Guerns
767 1623 823 1690 lilii
836 1627 924 1689 Nune
938 1625 1078 1699 comitis,
1099 1641 1233 1708 quorum
1246 1641 1305 1690 no·

274 1741 360 1802 mina
378 1744 451 1802 sont
471 1735 545 1799 heo:
567 1735 676 1809 Nullo,
697 1735 795 1811 Uidu,
816 1737 990 1811 Andrean,
1012 1737 1136 1812 Potum,
1157 1737 1305 1820 llogdot,
1392 1737 1406 1750 ‘

275 1849 428 1923 dicentes,
449 1847 534 1932 qnorl
549 1865 660 1910 eornm
673 1855 782 1912 esseut
795 1849 955 1922 conserui,
978 1847 1022 1912 illi
1033 1857 1144 1914 nutem
1159 1827 1306 1916 dixerunt

274 1981 309 2026 se
332 1981 403 2025 esse
424 1959 551 2034 liberos,
577 1959 687 2024 etheo
705 1959 790 2022 idem
811 1959 957 2024 dominos
979 1978 1090 2026 eorum
1111 1969 1305 2026 contestatus

275 2079 334 2138 est.
361 2071 505 2135 Nicotaus
525 2073 631 2154 itaque
649 2061 759 2134 comes
781 2071 951 2154 polotinns,
980 2073 1053 2136 dato
1075 2071 1226 2156 pristaldo
1247 2093 1306 2137 no·

274 2185 359 2247 mine
372 2181 506 2265 Cyame,
526 2181 610 2244 misil
623 2189 787 2264 utrumqne
803 2191 922 2264 purtem
939 2183 1143 2261 Uurodiuum,
1164 2185 1219 2248 ubi
1235 2205 1307 2268 pre·

275 2295 349 2360 tlicti
362 2293 531 2358 Udnornici
551 2293 675 2376 seipsos
697 2301 972 2376 recognoscentes,
993 2291 1100 2359 corum
1122 2297 1231 2360 enneli
1252 2315 1306 2360 co-
1406 2318 1410 2326 ‘

274 2407 351 2470 ruite
370 2406 511 2488 ipsorum
533 2405 660 2468 nomine
674 2404 810 2486 Mekeyn
829 2414 861 2471 et
881 2406 1030 2487 pristaldo
1044 2407 1217 2482 iamdicto,
1238 2427 1308 2472 me·

257 2506 430 2582 ¹morotum
447 2515 562 2578 Nunlsu
585 2515 861 2599 subterfugerunt,
881 2517 1024 2582 diceutes
1039 2519 1125 2602 qnod
1143 2539 1207 2582 non
1223 2511 1307 2584 essei

276 2627 316 2694 le
341 2626 551 2692 conseruitnte
575 2645 702 2700 eorum,
729 2625 787 2692 sed
807 2627 887 2692 falso
908 2629 1056 2712 opinione
1078 2630 1181 2712 ipsum
1203 2631 1305 2714 impe·

276 2739 413 2804 ciissent
444 2737 504 2802 [lid
524 2746 629 2802 sutem
650 2747 776 2824 porteto
796 2739 882 2804 lerro
904 2737 1088 2804 instificetus
1108 2748 1170 2816 ost,
1191 2741 1306 2826 reliqui

274 2869 354 2914 uero
377 2857 457 2923 tres,
489 2847 631 2914 scilicetz
663 2849 821 2924 Andreas,
852 2851 949 2926 Fato,
980 2857 1011 2915 et
1032 2851 1127 2934 llogtl
1150 2853 1306 2916 combusti

275 2971 357 3026 sunl.
1144 2955 1146 2963 ⁴
1291 2957 1294 2964 ⁴

358 3073 457 3150 (lot)
485 3073 773 3157 Compronincieles
798 3073 838 3138 de
860 3073 961 3138 liskes
983 3094 1095 3139 uersus
1114 3074 1306 3159 Scegusolu

275 3185 441 3250 uociferati
463 3193 536 3249 sunt
556 3193 666 3249 contra
683 3185 781 3260 iures,
802 3201 906 3248 eorem
925 3185 1081 3250 iudicibus
1096 3208 1113 3250 o
1128 3207 1203 3270 rege
1219 3187 1306 3252 dele·

276 3297 366 3382 getis,
380 3295 541 3360 uidelicets
563 3296 648 3358 Milo
662 3293 837 3358 lllhorieusi
852 3297 967 3362 comite
983 3306 1016 3360 el
1028 3295 1121 3381 Hylle
1136 3289 1250 3362 consilo
1265 3299 1306 3364 tle

275 3407 388 3470 Bekes.
410 3407 464 3489 qni
478 3405 581 3468 missis
595 3405 753 3488 pristaldis
768 3427 895 3483 eorum,
917 3395 1050 3472 scillcet:
1072 3411 1166 3473 Petro
1177 3411 1217 3474 (le
1228 3410 1308 3476 nilla

238 3501 245 3524 ⁸
278 3517 362 3580 Bolrc
377 3525 409 3580 et
421 3517 558 3580 Hectore
574 3516 613 3579 de
630 3513 703 3582 uilla
717 3517 818 3601 llegy,
833 3528 864 3582 et
878 3519 978 3582 citatis
991 3519 1114 3584 furibus
1127 3505 1308 3586 iactoiudi-

276 3629 326 3692 oio
341 3627 529 3692 Ueredioom
544 3647 599 3691 eos
614 3629 654 3690 etl
668 3627 818 3691 iudicium
832 3625 906 3692 ierrl
921 3629 1083 3696 candentis
1098 3631 1308 3696 destinarunt.

276 3739 330 3808 ubi
350 3741 427 3803 Bato
447 3741 487 3804 de
502 3739 600 3815 liuba,
621 3739 760 3822 Chibury
780 3750 812 3804 et
824 3741 927 3804 Bonus
942 3761 978 3804 oe
993 3735 1149 3825 Georgius
1168 3743 1209 3806 de
1231 3743 1309 3807 uilla

277 3851 364 3927 Zoer,
385 3849 541 3914 Bilioohin
562 3869 690 3936 quoqne
705 3851 745 3914 (le
760 3847 835 3914 uilla
849 3851 971 3926 Turdo,
992 3852 1068 3917 item
1083 3851 1154 3916 Yusl
1176 3862 1208 3916 et
1221 3853 1310 3916 Mor-

276 3973 333 4030 lun
348 3965 387 4028 de
400 3959 475 4027 nilla
489 3963 624 4037 Uduon,
645 3961 756 4028 omnes
770 3963 898 4046 iuquam
912 3963 964 4028 isli
978 3971 1103 4047 portato
1117 3963 1204 4028 ferro
1217 3965 1313 4028 insti-

276 4076 359 4146 ocao
373 4083 455 4141 sunt.
474 4073 593 4158 segusa
607 4057 686 4140 uelo
701 4076 740 4139 ue
754 4075 829 4140 uisu
844 4071 973 4152 certet,
992 4073 1141 4160 teulegio
1155 4076 1314 4160 germini,

277 4187 459 4252 conbustus
474 4193 536 4264 est,
557 4192 589 4250 ot
603 4185 642 4250 de‘
658 4187 790 4254 ecclesie
804 4205 870 4258 oon
883 4187 983 4252 exiuit
996 4187 1036 4251 od
1049 4185 1255 4252 solucionem.
1303 4211 1308 4238 2

359 4289 461 4377 (lou)
485 4297 668 4366 Costreuses
681 4297 828 4366 Zolhnsr
845 4299 886 4366 ue
900 4299 977 4366 nilla
990 4299 1079 4368 Uotle
1098 4299 1318 4386 mmm
