<?xml version="1.0" encoding="UTF-8"?>
<!DOCTYPE html PUBLIC "-//W3C//DTD XHTML 1.0 Transitional//EN"
    "http://www.w3.org/TR/xhtml1/DTD/xhtml1-transitional.dtd">
<html xmlns="http://www.w3.org/1999/xhtml" xml:lang="en" lang="en">
 <head>
  <title>
</title>
<meta http-equiv="Content-Type" content="text/html;charset=utf-8" />
  <meta name='ocr-system' content='tesseract 3.04.00' />
  <meta name='ocr-capabilities' content='ocr_page ocr_carea ocr_par ocr_line ocrx_word'/>
</head>
<body>
  <div class='ocr_page' id='page_1' title='image "./rerumhungaricar01endlgoog_0314.png"; bbox 0 0 3048 4760; ppageno 0'>
   <div class='ocr_carea' id='block_1_1' title="bbox 277 391 1160 494">
    <p class='ocr_par' dir='ltr' id='par_1_1' title="bbox 277 391 1160 494">
     <span class='ocr_line' id='line_1_1' title="bbox 277 391 1160 494; baseline -0.006 0"><span class='ocrx_word' id='word_1_1' title='bbox 277 425 342 494; x_wconf 79' lang='lat' dir='ltr'><strong>tot</strong></span> <span class='ocrx_word' id='word_1_2' title='bbox 427 425 687 494; x_wconf 70' lang='lat' dir='ltr'><strong>communem</strong></span> <span class='ocrx_word' id='word_1_3' title='bbox 705 391 1027 494; x_wconf 65' lang='lat' dir='ltr'><strong>momentonea:</strong></span> <span class='ocrx_word' id='word_1_4' title='bbox 1062 421 1160 492; x_wconf 68' lang='lat' dir='ltr'><strong>lilii·</strong></span> 
     </span>
    </p>
   </div>
   <div class='ocr_carea' id='block_1_2' title="bbox 237 589 1425 4345">
    <p class='ocr_par' dir='ltr' id='par_1_2' title="bbox 277 589 1393 1908">
     <span class='ocr_line' id='line_1_2' title="bbox 278 589 1393 682; baseline -0.004 -19"><span class='ocrx_word' id='word_1_5' title='bbox 278 621 319 664; x_wconf 85' lang='lat' dir='ltr'><strong>nc</strong></span> <span class='ocrx_word' id='word_1_6' title='bbox 334 602 374 665; x_wconf 89' lang='lat' dir='ltr'><strong>de</strong></span> <span class='ocrx_word' id='word_1_7' title='bbox 389 607 493 664; x_wconf 80' lang='lat' dir='ltr'><strong>cetero</strong></span> <span class='ocrx_word' id='word_1_8' title='bbox 507 597 647 664; x_wconf 84' lang='lat' dir='ltr'><strong>ecclesiis</strong></span> <span class='ocrx_word' id='word_1_9' title='bbox 671 608 703 663; x_wconf 87' lang='lat' dir='ltr'><strong>ct</strong></span> <span class='ocrx_word' id='word_1_10' title='bbox 724 597 942 663; x_wconf 84' lang='lat' dir='ltr'><strong>ecclesiasticis</strong></span> <span class='ocrx_word' id='word_1_11' title='bbox 964 595 1107 682; x_wconf 86' lang='lat' dir='ltr'><strong>personis</strong></span> <span class='ocrx_word' id='word_1_12' title='bbox 1121 597 1195 662; x_wconf 88' lang='lat' dir='ltr'><strong>talia</strong></span> <span class='ocrx_word' id='word_1_13' title='bbox 1207 589 1309 682; x_wconf 78' lang='lat' dir='ltr'><strong>impo-</strong></span> <span class='ocrx_word' id='word_1_14' title='bbox 1387 611 1393 618; x_wconf 87' lang='lat'><strong>·</strong></span> 
     </span>
     <span class='ocr_line' id='line_1_3' title="bbox 278 710 1308 795; baseline -0.003 -19"><span class='ocrx_word' id='word_1_15' title='bbox 278 721 394 776; x_wconf 70' lang='lat' dir='ltr'><strong>autur</strong></span> <span class='ocrx_word' id='word_1_16' title='bbox 414 721 468 775; x_wconf 90' lang='lat' dir='ltr'><strong>aut</strong></span> <span class='ocrx_word' id='word_1_17' title='bbox 487 714 661 795; x_wconf 83' lang='lat' dir='ltr'><strong>exigantur,</strong></span> <span class='ocrx_word' id='word_1_18' title='bbox 683 732 741 775; x_wconf 82' lang='lat' dir='ltr'><strong>seu</strong></span> <span class='ocrx_word' id='word_1_19' title='bbox 765 720 1012 794; x_wconf 64' lang='lat' dir='ltr'><strong>extorqueantur</strong></span> <span class='ocrx_word' id='word_1_20' title='bbox 1032 712 1071 773; x_wconf 92' lang='lat' dir='ltr'><strong>ab</strong></span> <span class='ocrx_word' id='word_1_21' title='bbox 1093 710 1150 785; x_wconf 90' lang='lat' dir='ltr'><strong>eis,</strong></span> <span class='ocrx_word' id='word_1_22' title='bbox 1171 711 1224 774; x_wconf 88' lang='lat' dir='ltr'><strong>uel</strong></span> <span class='ocrx_word' id='word_1_23' title='bbox 1240 711 1308 794; x_wconf 84' lang='lat' dir='ltr'><strong>ipso</strong></span> 
     </span>
     <span class='ocr_line' id='line_1_4' title="bbox 278 813 1311 906; baseline -0.005 -18"><span class='ocrx_word' id='word_1_24' title='bbox 278 825 414 890; x_wconf 82' lang='lat' dir='ltr'><strong>ecclesie</strong></span> <span class='ocrx_word' id='word_1_25' title='bbox 433 832 488 887; x_wconf 85' lang='lat' dir='ltr'><strong>aut</strong></span> <span class='ocrx_word' id='word_1_26' title='bbox 507 817 643 906; x_wconf 86' lang='lat' dir='ltr'><strong>persone</strong></span> <span class='ocrx_word' id='word_1_27' title='bbox 665 841 761 905; x_wconf 74' lang='lat' dir='ltr'><strong>nuper</strong></span> <span class='ocrx_word' id='word_1_28' title='bbox 773 813 890 889; x_wconf 76' lang='lat' dir='ltr'><strong>talibus</strong></span> <span class='ocrx_word' id='word_1_29' title='bbox 909 821 1161 905; x_wconf 89' lang='lat' dir='ltr'><strong>prestacionibus</strong></span> <span class='ocrx_word' id='word_1_30' title='bbox 1176 833 1311 906; x_wconf 80' lang='lat' dir='ltr'><strong>quomo-¹</strong></span> 
     </span>
     <span class='ocr_line' id='line_1_5' title="bbox 278 933 1312 1017; baseline -0.002 -18"><span class='ocrx_word' id='word_1_31' title='bbox 278 936 398 999; x_wconf 89' lang='lat' dir='ltr'><strong>dolibet</strong></span> <span class='ocrx_word' id='word_1_32' title='bbox 417 935 633 998; x_wconf 76' lang='lat' dir='ltr'><strong>molestentur.</strong></span> <span class='ocrx_word' id='word_1_33' title='bbox 662 936 748 1017; x_wconf 89' lang='lat' dir='ltr'><strong>quod</strong></span> <span class='ocrx_word' id='word_1_34' title='bbox 767 935 794 997; x_wconf 90' lang='lat' dir='ltr'><strong>si</strong></span> <span class='ocrx_word' id='word_1_35' title='bbox 812 942 921 996; x_wconf 84' lang='lat' dir='ltr'><strong>contra</strong></span> <span class='ocrx_word' id='word_1_36' title='bbox 934 933 1186 1015; x_wconf 79' lang='lat' dir='ltr'><strong>prohibicionem</strong></span> <span class='ocrx_word' id='word_1_37' title='bbox 1199 934 1312 998; x_wconf 64' lang='lat' dir='ltr'><strong>nutes·</strong></span> 
     </span>
     <span class='ocr_line' id='line_1_6' title="bbox 278 1043 1309 1129; baseline 0 -21"><span class='ocrx_word' id='word_1_38' title='bbox 278 1047 363 1108; x_wconf 87' lang='lat' dir='ltr'><strong>modi</strong></span> <span class='ocrx_word' id='word_1_39' title='bbox 381 1047 554 1129; x_wconf 83' lang='lat' dir='ltr'><strong>quidquam</strong></span> <span class='ocrx_word' id='word_1_40' title='bbox 574 1045 613 1108; x_wconf 87' lang='lat' dir='ltr'><strong>ab</strong></span> <span class='ocrx_word' id='word_1_41' title='bbox 634 1045 774 1109; x_wconf 87' lang='lat' dir='ltr'><strong>ecclesiis</strong></span> <span class='ocrx_word' id='word_1_42' title='bbox 796 1043 849 1108; x_wconf 89' lang='lat' dir='ltr'><strong>nel</strong></span> <span class='ocrx_word' id='word_1_43' title='bbox 862 1043 1005 1127; x_wconf 85' lang='lat' dir='ltr'><strong>personis</strong></span> <span class='ocrx_word' id='word_1_44' title='bbox 1025 1043 1174 1125; x_wconf 89' lang='lat' dir='ltr'><strong>predictis</strong></span> <span class='ocrx_word' id='word_1_45' title='bbox 1189 1043 1309 1126; x_wconf 84' lang='lat' dir='ltr'><strong>aliquid</strong></span> 
     </span>
     <span class='ocr_line' id='line_1_7' title="bbox 279 1155 1308 1240; baseline -0.003 -19"><span class='ocrx_word' id='word_1_46' title='bbox 279 1161 445 1222; x_wconf 86' lang='lat' dir='ltr'><strong>occasione</strong></span> <span class='ocrx_word' id='word_1_47' title='bbox 469 1158 611 1240; x_wconf 87' lang='lat' dir='ltr'><strong>predicta</strong></span> <span class='ocrx_word' id='word_1_48' title='bbox 629 1167 820 1240; x_wconf 85' lang='lat' dir='ltr'><strong>extorquere</strong></span> <span class='ocrx_word' id='word_1_49' title='bbox 839 1156 1091 1239; x_wconf 79' lang='lat' dir='ltr'><strong>presumpserint</strong></span> <span class='ocrx_word' id='word_1_50' title='bbox 1104 1157 1157 1219; x_wconf 83' lang='lat' dir='ltr'><strong>uel</strong></span> <span class='ocrx_word' id='word_1_51' title='bbox 1173 1155 1308 1231; x_wconf 84' lang='lat' dir='ltr'><strong>auierre,</strong></span> 
     </span>
     <span class='ocr_line' id='line_1_8' title="bbox 278 1255 1311 1353; baseline -0.003 -20"><span class='ocrx_word' id='word_1_52' title='bbox 278 1287 335 1333; x_wconf 89' lang='lat' dir='ltr'><strong>seu</strong></span> <span class='ocrx_word' id='word_1_53' title='bbox 348 1288 445 1353; x_wconf 88' lang='lat' dir='ltr'><strong>snper</strong></span> <span class='ocrx_word' id='word_1_54' title='bbox 455 1271 602 1352; x_wconf 88' lang='lat' dir='ltr'><strong>predictis</strong></span> <span class='ocrx_word' id='word_1_55' title='bbox 617 1270 668 1334; x_wconf 87' lang='lat' dir='ltr'><strong>nel</strong></span> <span class='ocrx_word' id='word_1_56' title='bbox 683 1287 793 1333; x_wconf 87' lang='lat' dir='ltr'><strong>eorum</strong></span> <span class='ocrx_word' id='word_1_57' title='bbox 809 1269 915 1352; x_wconf 89' lang='lat' dir='ltr'><strong>aliquo</strong></span> <span class='ocrx_word' id='word_1_58' title='bbox 927 1267 1078 1332; x_wconf 88' lang='lat' dir='ltr'><strong>ecclesias</strong></span> <span class='ocrx_word' id='word_1_59' title='bbox 1090 1268 1141 1331; x_wconf 91' lang='lat' dir='ltr'><strong>uel</strong></span> <span class='ocrx_word' id='word_1_60' title='bbox 1157 1255 1311 1350; x_wconf 80' lang='lat' dir='ltr'><strong>personas·</strong></span> 
     </span>
     <span class='ocr_line' id='line_1_9' title="bbox 279 1381 1307 1466; baseline -0.005 -19"><span class='ocrx_word' id='word_1_61' title='bbox 279 1400 453 1466; x_wconf 82' lang='lat' dir='ltr'><strong>aggrauare</strong></span> <span class='ocrx_word' id='word_1_62' title='bbox 468 1381 641 1464; x_wconf 87' lang='lat' dir='ltr'><strong>predictas,</strong></span> <span class='ocrx_word' id='word_1_63' title='bbox 663 1381 723 1444; x_wconf 89' lang='lat' dir='ltr'><strong>nisi</strong></span> <span class='ocrx_word' id='word_1_64' title='bbox 738 1381 820 1444; x_wconf 86' lang='lat' dir='ltr'><strong>inira</strong></span> <span class='ocrx_word' id='word_1_65' title='bbox 833 1381 971 1443; x_wconf 89' lang='lat' dir='ltr'><strong>triduum</strong></span> <span class='ocrx_word' id='word_1_66' title='bbox 986 1381 1091 1442; x_wconf 84' lang='lat' dir='ltr'><strong>omnia</strong></span> <span class='ocrx_word' id='word_1_67' title='bbox 1104 1381 1307 1455; x_wconf 82' lang='lat' dir='ltr'><strong>restituerint,</strong></span> 
     </span>
     <span class='ocr_line' id='line_1_10' title="bbox 278 1491 1308 1576; baseline -0.005 -19"><span class='ocrx_word' id='word_1_68' title='bbox 278 1507 343 1576; x_wconf 84' lang='lat' dir='ltr'><strong>que</strong></span> <span class='ocrx_word' id='word_1_69' title='bbox 360 1495 400 1556; x_wconf 80' lang='lat' dir='ltr'><strong>nb</strong></span> <span class='ocrx_word' id='word_1_70' title='bbox 413 1493 592 1556; x_wconf 87' lang='lat' dir='ltr'><strong>huiusmodi</strong></span> <span class='ocrx_word' id='word_1_71' title='bbox 614 1492 759 1575; x_wconf 87' lang='lat' dir='ltr'><strong>personis</strong></span> <span class='ocrx_word' id='word_1_72' title='bbox 774 1493 939 1554; x_wconf 84' lang='lat' dir='ltr'><strong>occasione</strong></span> <span class='ocrx_word' id='word_1_73' title='bbox 955 1492 1096 1573; x_wconf 85' lang='lat' dir='ltr'><strong>predicta</strong></span> <span class='ocrx_word' id='word_1_74' title='bbox 1111 1491 1308 1564; x_wconf 85' lang='lat' dir='ltr'><strong>extorserint,</strong></span> 
     </span>
     <span class='ocr_line' id='line_1_11' title="bbox 277 1601 1307 1687; baseline -0.005 -20"><span class='ocrx_word' id='word_1_75' title='bbox 277 1605 455 1687; x_wconf 76' lang='lat' dir='ltr'><strong>ingressum</strong></span> <span class='ocrx_word' id='word_1_76' title='bbox 478 1603 612 1668; x_wconf 88' lang='lat' dir='ltr'><strong>ecclesie</strong></span> <span class='ocrx_word' id='word_1_77' title='bbox 636 1611 668 1666; x_wconf 89' lang='lat' dir='ltr'><strong>ct</strong></span> <span class='ocrx_word' id='word_1_78' title='bbox 693 1605 933 1686; x_wconf 85' lang='lat' dir='ltr'><strong>percepcionem</strong></span> <span class='ocrx_word' id='word_1_79' title='bbox 957 1607 1223 1666; x_wconf 80' lang='lat' dir='ltr'><strong>samdmentorum</strong></span> <span class='ocrx_word' id='word_1_80' title='bbox 1247 1601 1307 1662; x_wconf 88' lang='lat' dir='ltr'><strong>sibi</strong></span> 
     </span>
     <span class='ocr_line' id='line_1_12' title="bbox 278 1712 1309 1796; baseline -0.003 -18"><span class='ocrx_word' id='word_1_81' title='bbox 278 1715 426 1778; x_wconf 72' lang='lat' dir='ltr'><strong>merim</strong></span> <span class='ocrx_word' id='word_1_82' title='bbox 445 1715 640 1778; x_wconf 69' lang='lat' dir='ltr'><strong>interdictos</strong></span> <span class='ocrx_word' id='word_1_83' title='bbox 674 1716 760 1796; x_wconf 91' lang='lat' dir='ltr'><strong>quod</strong></span> <span class='ocrx_word' id='word_1_84' title='bbox 780 1715 982 1778; x_wconf 87' lang='lat' dir='ltr'><strong>interdictum</strong></span> <span class='ocrx_word' id='word_1_85' title='bbox 1003 1712 1214 1780; x_wconf 75' lang='lat' dir='ltr'><strong>satisfactione</strong></span> <span class='ocrx_word' id='word_1_86' title='bbox 1236 1733 1309 1795; x_wconf 49' lang='lat' dir='ltr'><strong>pres</strong></span> 
     </span>
     <span class='ocr_line' id='line_1_13' title="bbox 279 1825 948 1908; baseline 0.003 -20"><span class='ocrx_word' id='word_1_87' title='bbox 279 1825 445 1908; x_wconf 81' lang='lat' dir='ltr'><strong>missaper</strong></span> <span class='ocrx_word' id='word_1_88' title='bbox 459 1825 661 1888; x_wconf 87' lang='lat' dir='ltr'><strong>diecesanum</strong></span> <span class='ocrx_word' id='word_1_89' title='bbox 677 1827 779 1890; x_wconf 78' lang='lat' dir='ltr'><strong>urrleat</strong></span> <span class='ocrx_word' id='word_1_90' title='bbox 792 1826 948 1890; x_wconf 87' lang='lat' dir='ltr'><strong>reuocari.</strong></span> 
     </span>
    </p>

    <p class='ocr_par' dir='ltr' id='par_1_3' title="bbox 237 1933 1425 3566">
     <span class='ocr_line' id='line_1_14' title="bbox 362 1933 1308 2020; baseline 0.001 -22"><span class='ocrx_word' id='word_1_91' title='bbox 362 1933 427 2018; x_wconf 78' lang='lat' dir='ltr'><strong>(tl)</strong></span> <span class='ocrx_word' id='word_1_92' title='bbox 448 1937 583 2019; x_wconf 74' lang='lat' dir='ltr'><strong>lit—quia</strong></span> <span class='ocrx_word' id='word_1_93' title='bbox 600 1937 803 2001; x_wconf 83' lang='lat' dir='ltr'><strong>inhonestum</strong></span> <span class='ocrx_word' id='word_1_94' title='bbox 825 1937 929 2001; x_wconf 87' lang='lat' dir='ltr'><strong>existit</strong></span> <span class='ocrx_word' id='word_1_95' title='bbox 943 1937 1030 2020; x_wconf 92' lang='lat' dir='ltr'><strong>quod</strong></span> <span class='ocrx_word' id='word_1_96' title='bbox 1052 1936 1195 2000; x_wconf 89' lang='lat' dir='ltr'><strong>canonici</strong></span> <span class='ocrx_word' id='word_1_97' title='bbox 1214 1941 1308 2019; x_wconf 83' lang='lat' dir='ltr'><strong>rc&#39;gu-</strong></span> 
     </span>
     <span class='ocr_line' id='line_1_15' title="bbox 278 2045 1313 2124; baseline 0 -14"><span class='ocrx_word' id='word_1_98' title='bbox 278 2046 362 2110; x_wconf 77' lang='lat' dir='ltr'><strong>lares</strong></span> <span class='ocrx_word' id='word_1_99' title='bbox 377 2047 429 2111; x_wconf 88' lang='lat' dir='ltr'><strong>uel</strong></span> <span class='ocrx_word' id='word_1_100' title='bbox 443 2048 589 2111; x_wconf 87' lang='lat' dir='ltr'><strong>monacbi</strong></span> <span class='ocrx_word' id='word_1_101' title='bbox 603 2049 737 2112; x_wconf 86' lang='lat' dir='ltr'><strong>diuersis</strong></span> <span class='ocrx_word' id='word_1_102' title='bbox 751 2049 893 2112; x_wconf 89' lang='lat' dir='ltr'><strong>uestibus</strong></span> <span class='ocrx_word' id='word_1_103' title='bbox 907 2049 1091 2124; x_wconf 83' lang='lat' dir='ltr'><strong>cestiantnr,</strong></span> <span class='ocrx_word' id='word_1_104' title='bbox 1106 2045 1177 2112; x_wconf 88' lang='lat' dir='ltr'><strong>cum</strong></span> <span class='ocrx_word' id='word_1_105' title='bbox 1192 2068 1232 2111; x_wconf 86' lang='lat' dir='ltr'><strong>ex</strong></span> <span class='ocrx_word' id='word_1_106' title='bbox 1246 2048 1313 2110; x_wconf 80' lang='lat' dir='ltr'><strong>boc</strong></span> 
     </span>
     <span class='ocr_line' id='line_1_16' title="bbox 278 2144 1310 2242; baseline 0.001 -21"><span class='ocrx_word' id='word_1_107' title='bbox 278 2159 444 2242; x_wconf 75' lang='lat' dir='ltr'><strong>proueniat</strong></span> <span class='ocrx_word' id='word_1_108' title='bbox 459 2159 597 2234; x_wconf 85' lang='lat' dir='ltr'><strong>inuidia,</strong></span> <span class='ocrx_word' id='word_1_109' title='bbox 617 2178 758 2222; x_wconf 89' lang='lat' dir='ltr'><strong>murmur</strong></span> <span class='ocrx_word' id='word_1_110' title='bbox 780 2168 812 2224; x_wconf 89' lang='lat' dir='ltr'><strong>ct</strong></span> <span class='ocrx_word' id='word_1_111' title='bbox 831 2159 1014 2223; x_wconf 78' lang='lat' dir='ltr'><strong>scandatum</strong></span> <span class='ocrx_word' id='word_1_112' title='bbox 1034 2161 1117 2223; x_wconf 89' lang='lat' dir='ltr'><strong>inter</strong></span> <span class='ocrx_word' id='word_1_113' title='bbox 1130 2144 1225 2242; x_wconf 79' lang='lat' dir='ltr'><strong>ipsos,</strong></span> <span class='ocrx_word' id='word_1_114' title='bbox 1246 2167 1310 2222; x_wconf 87' lang='lat' dir='ltr'><strong>sta-</strong></span> 
     </span>
     <span class='ocr_line' id='line_1_17' title="bbox 279 2269 1314 2354; baseline -0.004 -20"><span class='ocrx_word' id='word_1_115' title='bbox 279 2270 405 2344; x_wconf 86' lang='lat' dir='ltr'><strong>tuimus,</strong></span> <span class='ocrx_word' id='word_1_116' title='bbox 420 2272 506 2354; x_wconf 90' lang='lat' dir='ltr'><strong>quod</strong></span> <span class='ocrx_word' id='word_1_117' title='bbox 520 2289 629 2334; x_wconf 85' lang='lat' dir='ltr'><strong>omncs</strong></span> <span class='ocrx_word' id='word_1_118' title='bbox 643 2271 676 2332; x_wconf 88' lang='lat' dir='ltr'><strong>ia</strong></span> <span class='ocrx_word' id='word_1_119' title='bbox 692 2272 804 2333; x_wconf 90' lang='lat' dir='ltr'><strong>eodem</strong></span> <span class='ocrx_word' id='word_1_120' title='bbox 819 2271 1010 2333; x_wconf 87' lang='lat' dir='ltr'><strong>monasterio</strong></span> <span class='ocrx_word' id='word_1_121' title='bbox 1023 2269 1077 2332; x_wconf 91' lang='lat' dir='ltr'><strong>uel</strong></span> <span class='ocrx_word' id='word_1_122' title='bbox 1090 2270 1200 2352; x_wconf 88' lang='lat' dir='ltr'><strong>regula</strong></span> <span class='ocrx_word' id='word_1_123' title='bbox 1215 2276 1314 2332; x_wconf 56' lang='lat' dir='ltr'><strong>canos·</strong></span> 
     </span>
     <span class='ocr_line' id='line_1_18' title="bbox 278 2380 1310 2464; baseline -0.001 -19"><span class='ocrx_word' id='word_1_124' title='bbox 278 2383 364 2456; x_wconf 84' lang='lat' dir='ltr'><strong>nien,</strong></span> <span class='ocrx_word' id='word_1_125' title='bbox 397 2389 429 2445; x_wconf 87' lang='lat' dir='ltr'><strong>el</strong></span> <span class='ocrx_word' id='word_1_126' title='bbox 454 2384 512 2445; x_wconf 88' lang='lat' dir='ltr'><strong>sub</strong></span> <span class='ocrx_word' id='word_1_127' title='bbox 538 2383 649 2445; x_wconf 87' lang='lat' dir='ltr'><strong>eadem</strong></span> <span class='ocrx_word' id='word_1_128' title='bbox 674 2383 872 2464; x_wconf 79' lang='lat' dir='ltr'><strong>professione</strong></span> <span class='ocrx_word' id='word_1_129' title='bbox 895 2387 1064 2454; x_wconf 74' lang='lat' dir='ltr'><strong>morantes,</strong></span> <span class='ocrx_word' id='word_1_130' title='bbox 1095 2380 1310 2444; x_wconf 79' lang='lat' dir='ltr'><strong>indifferenter</strong></span> 
     </span>
     <span class='ocr_line' id='line_1_19' title="bbox 278 2492 1309 2575; baseline -0.001 -20"><span class='ocrx_word' id='word_1_131' title='bbox 278 2513 344 2555; x_wconf 87' lang='lat' dir='ltr'><strong>uno</strong></span> <span class='ocrx_word' id='word_1_132' title='bbox 366 2501 398 2556; x_wconf 89' lang='lat' dir='ltr'><strong>et</strong></span> <span class='ocrx_word' id='word_1_133' title='bbox 410 2495 532 2556; x_wconf 72' lang='lat' dir='ltr'><strong>&#39;codem</strong></span> <span class='ocrx_word' id='word_1_134' title='bbox 553 2493 702 2558; x_wconf 86' lang='lat' dir='ltr'><strong>uestinrio</strong></span> <span class='ocrx_word' id='word_1_135' title='bbox 724 2495 904 2567; x_wconf 86' lang='lat' dir='ltr'><strong>induantur,</strong></span> <span class='ocrx_word' id='word_1_136' title='bbox 924 2492 1129 2575; x_wconf 80' lang='lat' dir='ltr'><strong>prohibentes</strong></span> <span class='ocrx_word' id='word_1_137' title='bbox 1142 2511 1309 2574; x_wconf 82' lang='lat' dir='ltr'><strong>expresse,</strong></span> 
     </span>
     <span class='ocr_line' id='line_1_20' title="bbox 279 2603 1309 2686; baseline -0.002 -20"><span class='ocrx_word' id='word_1_138' title='bbox 279 2621 320 2666; x_wconf 90' lang='lat' dir='ltr'><strong>nc</strong></span> <span class='ocrx_word' id='word_1_139' title='bbox 335 2605 406 2686; x_wconf 81' lang='lat' dir='ltr'><strong>qais</strong></span> <span class='ocrx_word' id='word_1_140' title='bbox 421 2623 530 2666; x_wconf 89' lang='lat' dir='ltr'><strong>corum</strong></span> <span class='ocrx_word' id='word_1_141' title='bbox 550 2613 656 2668; x_wconf 86' lang='lat' dir='ltr'><strong>uestes</strong></span> <span class='ocrx_word' id='word_1_142' title='bbox 677 2604 797 2686; x_wconf 90' lang='lat' dir='ltr'><strong>aliquas</strong></span> <span class='ocrx_word' id='word_1_143' title='bbox 811 2603 940 2668; x_wconf 88' lang='lat' dir='ltr'><strong>alieuius</strong></span> <span class='ocrx_word' id='word_1_144' title='bbox 957 2605 1087 2678; x_wconf 89' lang='lat' dir='ltr'><strong>coloris,</strong></span> <span class='ocrx_word' id='word_1_145' title='bbox 1107 2604 1166 2666; x_wconf 89' lang='lat' dir='ltr'><strong>nisi</strong></span> <span class='ocrx_word' id='word_1_146' title='bbox 1188 2611 1309 2666; x_wconf 86' lang='lat' dir='ltr'><strong>tantum</strong></span> 
     </span>
     <span class='ocr_line' id='line_1_21' title="bbox 278 2715 1308 2799; baseline -0.003 -21"><span class='ocrx_word' id='word_1_147' title='bbox 278 2717 373 2778; x_wconf 82' lang='lat' dir='ltr'><strong>inodo</strong></span> <span class='ocrx_word' id='word_1_148' title='bbox 388 2717 450 2780; x_wconf 89' lang='lat' dir='ltr'><strong>albi</strong></span> <span class='ocrx_word' id='word_1_149' title='bbox 466 2716 518 2778; x_wconf 89' lang='lat' dir='ltr'><strong>uel</strong></span> <span class='ocrx_word' id='word_1_150' title='bbox 531 2716 630 2799; x_wconf 87' lang='lat' dir='ltr'><strong>nigri,</strong></span> <span class='ocrx_word' id='word_1_151' title='bbox 645 2735 700 2778; x_wconf 89' lang='lat' dir='ltr'><strong>seu</strong></span> <span class='ocrx_word' id='word_1_152' title='bbox 717 2716 811 2798; x_wconf 79' lang='lat' dir='ltr'><strong>grisei</strong></span> <span class='ocrx_word' id='word_1_153' title='bbox 825 2715 942 2777; x_wconf 88' lang='lat' dir='ltr'><strong>babere</strong></span> <span class='ocrx_word' id='word_1_154' title='bbox 956 2723 1133 2797; x_wconf 74' lang='lat' dir='ltr'><strong>presumat,</strong></span> <span class='ocrx_word' id='word_1_155' title='bbox 1146 2715 1179 2775; x_wconf 88' lang='lat' dir='ltr'><strong>in</strong></span> <span class='ocrx_word' id='word_1_156' title='bbox 1195 2715 1308 2796; x_wconf 85' lang='lat' dir='ltr'><strong>quibus</strong></span> 
     </span>
     <span class='ocr_line' id='line_1_22' title="bbox 237 2809 1425 2910; baseline -0.002 -18"><span class='ocrx_word' id='word_1_157' title='bbox 237 2809 240 2818; x_wconf 45' lang='lat'><strong><em>¹</em></strong></span> <span class='ocrx_word' id='word_1_158' title='bbox 278 2830 443 2892; x_wconf 66' lang='lat' dir='ltr'><strong>mancum</strong></span> <span class='ocrx_word' id='word_1_159' title='bbox 463 2829 602 2910; x_wconf 85' lang='lat' dir='ltr'><strong>nigram,</strong></span> <span class='ocrx_word' id='word_1_160' title='bbox 623 2836 799 2910; x_wconf 84' lang='lat' dir='ltr'><strong>garzatum,</strong></span> <span class='ocrx_word' id='word_1_161' title='bbox 821 2833 852 2889; x_wconf 89' lang='lat' dir='ltr'><strong>et</strong></span> <span class='ocrx_word' id='word_1_162' title='bbox 875 2825 970 2888; x_wconf 91' lang='lat' dir='ltr'><strong>alium</strong></span> <span class='ocrx_word' id='word_1_163' title='bbox 985 2843 1207 2908; x_wconf 83' lang='lat' dir='ltr'><strong>quemcunque</strong></span> <span class='ocrx_word' id='word_1_164' title='bbox 1229 2835 1315 2908; x_wconf 77' lang='lat' dir='ltr'><strong>pan-⁵</strong></span> <span class='ocrx_word' id='word_1_165' title='bbox 1422 2885 1425 2890; x_wconf 88' lang='lat'><em>.</em></span> 
     </span>
     <span class='ocr_line' id='line_1_23' title="bbox 277 2921 1306 3004; baseline -0.005 -2"><span class='ocrx_word' id='word_1_166' title='bbox 277 2959 354 3004; x_wconf 87' lang='lat' dir='ltr'><strong>nnrn</strong></span> <span class='ocrx_word' id='word_1_167' title='bbox 373 2940 552 3004; x_wconf 82' lang='lat' dir='ltr'><strong>notabiliter</strong></span> <span class='ocrx_word' id='word_1_168' title='bbox 569 2940 740 3002; x_wconf 85' lang='lat' dir='ltr'><strong>delicatum</strong></span> <span class='ocrx_word' id='word_1_169' title='bbox 763 2935 979 3000; x_wconf 86' lang='lat' dir='ltr'><strong>interdicimus</strong></span> <span class='ocrx_word' id='word_1_170' title='bbox 1004 2921 1177 2999; x_wconf 52' lang='lat' dir='ltr'><strong>uniuersis(</strong></span> <span class='ocrx_word' id='word_1_171' title='bbox 1201 2943 1306 2998; x_wconf 89' lang='lat' dir='ltr'><strong>uestes</strong></span> 
     </span>
     <span class='ocr_line' id='line_1_24' title="bbox 277 3047 1308 3131; baseline -0.008 -15"><span class='ocrx_word' id='word_1_172' title='bbox 277 3073 342 3116; x_wconf 88' lang='lat' dir='ltr'><strong>non</strong></span> <span class='ocrx_word' id='word_1_173' title='bbox 366 3053 504 3116; x_wconf 88' lang='lat' dir='ltr'><strong>habeant</strong></span> <span class='ocrx_word' id='word_1_174' title='bbox 524 3052 687 3114; x_wconf 41' lang='lat' dir='ltr'><strong>*breuitate</strong></span> <span class='ocrx_word' id='word_1_175' title='bbox 712 3050 765 3112; x_wconf 88' lang='lat' dir='ltr'><strong>uel</strong></span> <span class='ocrx_word' id='word_1_176' title='bbox 790 3047 985 3131; x_wconf 88' lang='lat' dir='ltr'><strong>longitudine</strong></span> <span class='ocrx_word' id='word_1_177' title='bbox 1014 3047 1214 3111; x_wconf 84' lang='lat' dir='ltr'><strong>delormatas.</strong></span> <span class='ocrx_word' id='word_1_178' title='bbox 1253 3047 1308 3129; x_wconf 89' lang='lat' dir='ltr'><strong>qui</strong></span> 
     </span>
     <span class='ocr_line' id='line_1_25' title="bbox 278 3159 1309 3244; baseline -0.008 -16"><span class='ocrx_word' id='word_1_179' title='bbox 278 3180 356 3228; x_wconf 87' lang='lat' dir='ltr'><strong>uero</strong></span> <span class='ocrx_word' id='word_1_180' title='bbox 371 3165 403 3226; x_wconf 83' lang='lat' dir='ltr'><strong>ie</strong></span> <span class='ocrx_word' id='word_1_181' title='bbox 418 3163 567 3244; x_wconf 78' lang='lat' dir='ltr'><strong>predictis</strong></span> <span class='ocrx_word' id='word_1_182' title='bbox 582 3161 792 3235; x_wconf 83' lang='lat' dir='ltr'><strong>excesserint,</strong></span> <span class='ocrx_word' id='word_1_183' title='bbox 813 3179 871 3242; x_wconf 90' lang='lat' dir='ltr'><strong>per</strong></span> <span class='ocrx_word' id='word_1_184' title='bbox 885 3179 959 3223; x_wconf 87' lang='lat' dir='ltr'><strong>suos</strong></span> <span class='ocrx_word' id='word_1_185' title='bbox 974 3160 1159 3223; x_wconf 85' lang='lat' dir='ltr'><strong>diocesanos</strong></span> <span class='ocrx_word' id='word_1_186' title='bbox 1180 3159 1233 3222; x_wconf 88' lang='lat' dir='ltr'><strong>uel</strong></span> <span class='ocrx_word' id='word_1_187' title='bbox 1255 3179 1309 3220; x_wconf 87' lang='lat' dir='ltr'><strong>su·</strong></span> 
     </span>
     <span class='ocr_line' id='line_1_26' title="bbox 277 3271 1309 3356; baseline -0.005 -19"><span class='ocrx_word' id='word_1_188' title='bbox 277 3275 420 3356; x_wconf 75' lang='lat' dir='ltr'><strong>periotes</strong></span> <span class='ocrx_word' id='word_1_189' title='bbox 442 3274 520 3338; x_wconf 87' lang='lat' dir='ltr'><strong>alios</strong></span> <span class='ocrx_word' id='word_1_190' title='bbox 541 3272 750 3355; x_wconf 83' lang='lat' dir='ltr'><strong>castigentur,</strong></span> <span class='ocrx_word' id='word_1_191' title='bbox 776 3271 863 3335; x_wconf 89' lang='lat' dir='ltr'><strong>salua</strong></span> <span class='ocrx_word' id='word_1_192' title='bbox 886 3271 1102 3345; x_wconf 86' lang='lat' dir='ltr'><strong>distinetione,</strong></span> <span class='ocrx_word' id='word_1_193' title='bbox 1129 3289 1166 3332; x_wconf 89' lang='lat' dir='ltr'><strong>ac</strong></span> <span class='ocrx_word' id='word_1_194' title='bbox 1190 3271 1309 3333; x_wconf 57' lang='lat' dir='ltr'><strong>ulcerea</strong></span> 
     </span>
     <span class='ocr_line' id='line_1_27' title="bbox 277 3381 1306 3455; baseline -0.003 -10"><span class='ocrx_word' id='word_1_195' title='bbox 277 3384 368 3445; x_wconf 88' lang='lat' dir='ltr'><strong>oione</strong></span> <span class='ocrx_word' id='word_1_196' title='bbox 388 3383 586 3444; x_wconf 89' lang='lat' dir='ltr'><strong>diuersorum</strong></span> <span class='ocrx_word' id='word_1_197' title='bbox 606 3383 751 3444; x_wconf 89' lang='lat' dir='ltr'><strong>ordinum</strong></span> <span class='ocrx_word' id='word_1_198' title='bbox 773 3391 916 3455; x_wconf 89' lang='lat' dir='ltr'><strong>seruata,</strong></span> <span class='ocrx_word' id='word_1_199' title='bbox 942 3381 1024 3445; x_wconf 87' lang='lat' dir='ltr'><strong>inter</strong></span> <span class='ocrx_word' id='word_1_200' title='bbox 1045 3382 1216 3444; x_wconf 86' lang='lat' dir='ltr'><strong>monachos</strong></span> <span class='ocrx_word' id='word_1_201' title='bbox 1238 3383 1306 3444; x_wconf 90' lang='lat' dir='ltr'><strong>siue</strong></span> 
     </span>
     <span class='ocr_line' id='line_1_28' title="bbox 279 3492 708 3566; baseline -0.007 -9"><span class='ocrx_word' id='word_1_202' title='bbox 279 3492 458 3566; x_wconf 74' lang='lat' dir='ltr'><strong>canonicos,</strong></span> <span class='ocrx_word' id='word_1_203' title='bbox 478 3500 511 3553; x_wconf 90' lang='lat' dir='ltr'><strong>ct</strong></span> <span class='ocrx_word' id='word_1_204' title='bbox 524 3511 708 3555; x_wconf 83' lang='lat' dir='ltr'><strong>comrersos.</strong></span> 
     </span>
    </p>

    <p class='ocr_par' dir='ltr' id='par_1_4' title="bbox 276 3602 1325 4345">
     <span class='ocr_line' id='line_1_29' title="bbox 360 3602 1317 3688; baseline 0.002 -22"><span class='ocrx_word' id='word_1_205' title='bbox 360 3602 427 3686; x_wconf 66' lang='lat'><strong>(62)</strong></span> <span class='ocrx_word' id='word_1_206' title='bbox 447 3603 529 3678; x_wconf 89' lang='lat' dir='ltr'><strong>Quia</strong></span> <span class='ocrx_word' id='word_1_207' title='bbox 550 3604 630 3667; x_wconf 89' lang='lat' dir='ltr'><strong>sicut</strong></span> <span class='ocrx_word' id='word_1_208' title='bbox 650 3603 826 3668; x_wconf 88' lang='lat' dir='ltr'><strong>audiuimus</strong></span> <span class='ocrx_word' id='word_1_209' title='bbox 849 3607 977 3688; x_wconf 88' lang='lat' dir='ltr'><strong>quidam</strong></span> <span class='ocrx_word' id='word_1_210' title='bbox 999 3605 1145 3680; x_wconf 85' lang='lat' dir='ltr'><strong>monachi</strong></span> <span class='ocrx_word' id='word_1_211' title='bbox 1165 3615 1196 3668; x_wconf 90' lang='lat' dir='ltr'><strong>et</strong></span> <span class='ocrx_word' id='word_1_212' title='bbox 1211 3604 1317 3668; x_wconf 80' lang='lat' dir='ltr'><strong>cano·&#39;</strong></span> 
     </span>
     <span class='ocr_line' id='line_1_30' title="bbox 277 3715 1319 3798; baseline 0.002 -20"><span class='ocrx_word' id='word_1_213' title='bbox 277 3715 339 3778; x_wconf 82' lang='lat' dir='ltr'><strong>ni&#39;ci</strong></span> <span class='ocrx_word' id='word_1_214' title='bbox 357 3715 534 3798; x_wconf 78' lang='lat' dir='ltr'><strong>regulares,</strong></span> <span class='ocrx_word' id='word_1_215' title='bbox 555 3716 635 3778; x_wconf 88' lang='lat' dir='ltr'><strong>sicut</strong></span> <span class='ocrx_word' id='word_1_216' title='bbox 648 3715 718 3778; x_wconf 90' lang='lat' dir='ltr'><strong>laici</strong></span> <span class='ocrx_word' id='word_1_217' title='bbox 733 3726 764 3780; x_wconf 85' lang='lat' dir='ltr'><strong>et</strong></span> <span class='ocrx_word' id='word_1_218' title='bbox 777 3717 882 3780; x_wconf 89' lang='lat' dir='ltr'><strong>clerici</strong></span> <span class='ocrx_word' id='word_1_219' title='bbox 898 3717 1056 3780; x_wconf 86' lang='lat' dir='ltr'><strong>seculares</strong></span> <span class='ocrx_word' id='word_1_220' title='bbox 1071 3721 1319 3781; x_wconf 75' lang='lat' dir='ltr'><strong>consueuerant·</strong></span> 
     </span>
     <span class='ocr_line' id='line_1_31' title="bbox 277 3826 1318 3910; baseline 0 -22"><span class='ocrx_word' id='word_1_221' title='bbox 277 3826 443 3899; x_wconf 87' lang='lat' dir='ltr'><strong>incedere,</strong></span> <span class='ocrx_word' id='word_1_222' title='bbox 472 3826 504 3888; x_wconf 90' lang='lat' dir='ltr'><strong>in</strong></span> <span class='ocrx_word' id='word_1_223' title='bbox 527 3828 700 3889; x_wconf 81' lang='lat' dir='ltr'><strong>animamm</strong></span> <span class='ocrx_word' id='word_1_224' title='bbox 720 3845 846 3890; x_wconf 87' lang='lat' dir='ltr'><strong>suarum</strong></span> <span class='ocrx_word' id='word_1_225' title='bbox 873 3828 1045 3910; x_wconf 85' lang='lat' dir='ltr'><strong>perieulum</strong></span> <span class='ocrx_word' id='word_1_226' title='bbox 1070 3835 1102 3890; x_wconf 91' lang='lat' dir='ltr'><strong>ct</strong></span> <span class='ocrx_word' id='word_1_227' title='bbox 1123 3827 1318 3890; x_wconf 75' lang='lat' dir='ltr'><strong>scandatum</strong></span> 
     </span>
     <span class='ocr_line' id='line_1_32' title="bbox 276 3919 1308 4020; baseline 0 -22"><span class='ocrx_word' id='word_1_228' title='bbox 276 3936 501 4020; x_wconf 81' lang='lat' dir='ltr'><strong>plurimorum,</strong></span> <span class='ocrx_word' id='word_1_229' title='bbox 520 3937 713 4018; x_wconf 88' lang='lat' dir='ltr'><strong>precipimus</strong></span> <span class='ocrx_word' id='word_1_230' title='bbox 728 3946 762 3999; x_wconf 88' lang='lat' dir='ltr'><strong>ut</strong></span> <span class='ocrx_word' id='word_1_231' title='bbox 774 3937 921 4001; x_wconf 86' lang='lat' dir='ltr'><strong>canonici</strong></span> <span class='ocrx_word' id='word_1_232' title='bbox 934 3938 1098 4020; x_wconf 88' lang='lat' dir='ltr'><strong>regulares</strong></span> <span class='ocrx_word' id='word_1_233' title='bbox 1112 3938 1181 4000; x_wconf 84' lang='lat' dir='ltr'><strong>sine</strong></span> <span class='ocrx_word' id='word_1_234' title='bbox 1196 3919 1325 4019; x_wconf 88' lang='lat' dir='ltr'><strong>super-</strong></span> 
     </span>
     <span class='ocr_line' id='line_1_33' title="bbox 276 4045 1307 4131; baseline 0 -21"><span class='ocrx_word' id='word_1_235' title='bbox 276 4047 415 4131; x_wconf 83' lang='lat' dir='ltr'><strong>pelliceis</strong></span> <span class='ocrx_word' id='word_1_236' title='bbox 430 4047 483 4109; x_wconf 85' lang='lat' dir='ltr'><strong>uel</strong></span> <span class='ocrx_word' id='word_1_237' title='bbox 497 4047 609 4110; x_wconf 84' lang='lat' dir='ltr'><strong>tunicis</strong></span> <span class='ocrx_word' id='word_1_238' title='bbox 625 4045 714 4112; x_wconf 87' lang='lat' dir='ltr'><strong>lineis</strong></span> <span class='ocrx_word' id='word_1_239' title='bbox 729 4069 786 4112; x_wconf 86' lang='lat' dir='ltr'><strong>seu</strong></span> <span class='ocrx_word' id='word_1_240' title='bbox 800 4049 907 4131; x_wconf 83' lang='lat' dir='ltr'><strong>cuppis</strong></span> <span class='ocrx_word' id='word_1_241' title='bbox 922 4049 1047 4124; x_wconf 86' lang='lat' dir='ltr'><strong>clausis,</strong></span> <span class='ocrx_word' id='word_1_242' title='bbox 1067 4049 1213 4112; x_wconf 88' lang='lat' dir='ltr'><strong>monachi</strong></span> <span class='ocrx_word' id='word_1_243' title='bbox 1228 4068 1307 4110; x_wconf 90' lang='lat' dir='ltr'><strong>uero</strong></span> 
     </span>
     <span class='ocr_line' id='line_1_34' title="bbox 276 4157 1307 4242; baseline 0.001 -21"><span class='ocrx_word' id='word_1_244' title='bbox 276 4159 345 4222; x_wconf 87' lang='lat' dir='ltr'><strong>sine</strong></span> <span class='ocrx_word' id='word_1_245' title='bbox 359 4159 467 4242; x_wconf 85' lang='lat' dir='ltr'><strong>cappis</strong></span> <span class='ocrx_word' id='word_1_246' title='bbox 482 4167 536 4222; x_wconf 91' lang='lat' dir='ltr'><strong>aut</strong></span> <span class='ocrx_word' id='word_1_247' title='bbox 550 4159 687 4222; x_wconf 78' lang='lat' dir='ltr'><strong>cunculis</strong></span> <span class='ocrx_word' id='word_1_248' title='bbox 704 4179 760 4222; x_wconf 89' lang='lat' dir='ltr'><strong>seu</strong></span> <span class='ocrx_word' id='word_1_249' title='bbox 774 4157 989 4242; x_wconf 86' lang='lat' dir='ltr'><strong>scapularibus</strong></span> <span class='ocrx_word' id='word_1_250' title='bbox 1005 4167 1095 4224; x_wconf 80' lang='lat' dir='ltr'><strong>extra</strong></span> <span class='ocrx_word' id='word_1_251' title='bbox 1108 4161 1218 4223; x_wconf 92' lang='lat' dir='ltr'><strong>domos</strong></span> <span class='ocrx_word' id='word_1_252' title='bbox 1233 4178 1307 4222; x_wconf 86' lang='lat' dir='ltr'><strong>suas</strong></span> 
     </span>
     <span class='ocr_line' id='line_1_35' title="bbox 278 4259 1321 4345; baseline -0.002 -9"><span class='ocrx_word' id='word_1_253' title='bbox 278 4271 318 4336; x_wconf 85' lang='lat' dir='ltr'><strong>do</strong></span> <span class='ocrx_word' id='word_1_254' title='bbox 337 4278 530 4336; x_wconf 66' lang='lat' dir='ltr'><strong>cetetonem</strong></span> <span class='ocrx_word' id='word_1_255' title='bbox 547 4259 709 4345; x_wconf 68' lang='lat' dir='ltr'><strong>iamiam,</strong></span> <span class='ocrx_word' id='word_1_256' title='bbox 729 4289 793 4335; x_wconf 86' lang='lat' dir='ltr'><strong>nec</strong></span> <span class='ocrx_word' id='word_1_257' title='bbox 804 4268 904 4336; x_wconf 84' lang='lat' dir='ltr'><strong>eciam</strong></span> <span class='ocrx_word' id='word_1_258' title='bbox 918 4271 1001 4337; x_wconf 87' lang='lat' dir='ltr'><strong>intra</strong></span> <span class='ocrx_word' id='word_1_259' title='bbox 1015 4269 1156 4334; x_wconf 83' lang='lat' dir='ltr'><strong>domum.</strong></span> <span class='ocrx_word' id='word_1_260' title='bbox 1168 4269 1211 4334; x_wconf 80' lang='lat' dir='ltr'><strong>-si</strong></span> <span class='ocrx_word' id='word_1_261' title='bbox 1226 4269 1321 4334; x_wconf 87' lang='lat' dir='ltr'><strong>uero&#39;</strong></span> 
     </span>
    </p>
   </div>
   <div class='ocr_carea' id='block_1_3' title="bbox 0 0 1528 4760">
    <p class='ocr_par' dir='ltr' id='par_1_5' title="bbox 0 0 1528 4760">
     <span class='ocr_line' id='line_1_36' title="bbox 0 0 1528 4760; baseline 0 0"><span class='ocrx_word' id='word_1_262' title='bbox 0 0 1528 4760; x_wconf 95' lang='lat' dir='ltr'><strong> </strong></span> 
     </span>
    </p>
   </div>
  </div>
 </body>
</html>
