2978 4754
254 407 316 480 iii
576 427 761 478 mannan
783 428 826 476 on
847 425 961 477 trano.

255 587 356 680 staido
377 588 441 670 Acy
464 588 504 650 do
527 585 601 650 nida
620 587 693 652 Usa.
719 585 817 650 homo
837 587 945 670 itaque
966 583 1135 648 Anthonco
1157 589 1282 666 portato

255 699 610 762 ferrocombustuscst.
676 715 684 722 ·

337 808 423 892 (331ι)
445 810 597 872 Martinus
611 809 693 872 fitius
709 811 811 893 Grogc
832 809 970 892 impcciit
983 809 1189 891 ioubagiones
1203 809 1284 872 Echo

255 921 310 984 iiiii
333 923 460 984 Achillis
486 911 617 996 comitis,
646 921 920 1004 scilicet'Cheym,
948 923 1120 1002 Tumpam,
1149 920 1280 993 Olbian,

256 1033 395 1107 Oiiorih,
416 1035 546 1108 Pacam,
567 1035 682 1096 Tusam
698 1053 754 1114 pro
771 1041 896 1096 contum
911 1033 1015 1115 porcis
1028 1031 1184 1096 uiolenter
1199 1033 1286 1095 abia-

255 1147 304 1210 tis.
332 1147 436 1208 iudico
450 1145 531 1208 Mica
552 1145 665 1208 comite
680 1147 719 1208 dc
733 1145 848 1208 Bichor
867 1145 1018 1226 pristaido
1032 1147 1125 1208 iancu
1148 1143 1213 1208 titio
1228 1143 1287 1206 Si}-

185 1321 192 1331 „
255 1258 362 1320 nostri.
394 1257 546 1320 Martinus
560 1258 666 1340 itaque
681 1267 713 1320 et
727 1257 897 1340 pristaldos
912 1257 979 1319 cius
996 1257 1095 1338 prima
1110 1257 1285 1339 septimana

257 1369 383 1431 'dominc
397 1368 431 1430 in
445 1377 496 1431 tua
511 1368 638 1431 ficerunt
652 1368 815 1442 Uaradini,
837 1368 1044 1450 prenominati
1058 1375 1163 1431 autem
1177 1369 1286 1431 inoba-

258 1481 367 1564 gioncs
388 1501 452 1542 non
474 1480 610 1543 inerunt.
638 1481 694 1542 sed
717 1481 845 1561 quidam
868 1481 1015 1542 sacerdos
1036 1480 1169 1542 ueniens
1188 1479 1285 1554 dixit,

258 1593 344 1675 qnod
368 1592 512 1656 dominus
534 1591 658 1654 illorum
681 1601 765 1654 essct
784 1593 815 1654 in
836 1593 939 1666 curia,
961 1592 1072 1655 cisino
1089 1593 1216 1655 domino
1232 1612 1286 1654 eo·

256 1723 326 1766 rom
348 1704 407 1786 ipsi
427 1723 492 1766 non
512 1713 618 1766 assent
638 1704 714 1766 iussi
735 1703 857 1766 uenire.
878 1705 1031 1768 Martinus
1052 1705 1159 1786 itaque
1178 1713 1209 1767 et
1222 1705 1285 1786 pri-

258 1815 377 1877 staidns
390 1815 477 1888 cius,
497 1819 532 1875 nt
551 1813 610 1896 ipsi
626 1813 786 1889 dixerunt,
809 1816 849 1879 ad
862 1816 998 1879 indicam
1013 1815 1168 1896 prefatum
1183 1817 1286 1878 radic·
1348 1832 1352 1838 ·

257 1935 348 2001 runt,
363 1934 396 1990 ct
410 1947 428 1989 a
442 1927 545 1989 indice
561 1928 600 1989 ad
613 1947 672 1989 nos
687 1928 808 1990 reuersi
824 1929 984 2001 dixerunt,
1001 1929 1086 2010 quod
1101 1928 1197 1990 iudex
1211 1945 1286 1989 con-

258 2029 418 2102 decorauit
430 2037 511 2113 idos,
530 2047 561 2102 ot
575 2039 672 2100 eciam
688 2059 705 2100 a
720 2039 858 2121 capitolo
872 2057 930 2121 pro
946 2039 1162 2103 condemnatis
1177 2037 1286 2100 haberi

257 2149 427 2212 mandauit.

340 2254 427 2340 (335)
449 2259 600 2322 Martinus
619 2257 702 2322 fliius
718 2259 836 2323 Cochid
856 2261 994 2342 impcciit
1007 2261 1129 2324 Nonam
1153 2261 1193 2323 dc
1214 2259 1287 2323 uilla

259 2364 402 2432 Uosuarii
422 2387 481 2450 pro
502 2378 650 2452 quattuor
671 2373 801 2445 marcis,
822 2371 927 2433 indice
948 2373 1090 2434 Dumcno
1111 2372 1224 2434 comita
1248 2371 1287 2433 dc

258 2479 416 2552 Bodoiou,
446 2480 597 2562 pristaldo
615 2479 701 2543 Gusti
725 2483 764 2543 dc
786 2481 861 2542 niiia
882 2479 1037 2544 Solumns.
1069 2483 1123 2563 qui
1140 2480 1287 2543 Uaradini

258 2588 362 2652 taliter
376 2599 609 2665 conuenerunt,
630 2592 717 2672 quod
731 2591 831 2655 Numa
846 2593 935 2654 daret
947 2592 1082 2654 Martino
1096 2608 1192 2654 unam
1205 2609 1287 2654 mar-⁴

260 2721 327 2764 cam
350 2707 381 2764 et
402 2701 576 2777 dimidiam,
598 2709 629 2765 ct
649 2703 732 2765 idem
752 2703 846 2766 iudici
866 2704 1076 2786 satisfaceret,
1090 2711 1217 2785 'partem
1233 2723 1287 2766 ao-

259 2817 322 2876 tem
337 2811 480 2894 pristaldi
494 2813 644 2876 Martinus
659 2815 756 2877 daret.
1209 2794 1212 2801 ¹

344 2923 432 3004 (336)
453 2925 539 2986 Uoda
553 2923 634 2986 fiiius
649 2923 785 2986 Farcasii
805 2925 945 3006 impetiit
961 2925 1183 3008 iouhagionem
1199 2927 1289 2988 Lam-

260 3036 359 3117 pcrti,
374 3034 492 3097 scilicet
503 3035 620 3117 flegun
636 3027 676 3098 de
691 3035 847 3098 occisione
863 3035 959 3116 patris
974 3035 1033 3098 sui.
1055 3037 1109 3118 qui
1125 3037 1289 3098 cnmindi·

261 3147 320 3209 cati
336 3147 375 3207 ab
386 3145 507 3208 Eraclio
521 3165 678 3229 yconomo
688 3145 886 3220 Uaradiensi,
900 3166 970 3207 cum
987 3146 1289 3228 pristaldo‘ipsorum

261 3256 385 3320 Micone
410 3265 530 3319 starent
554 3258 593 3319 ad
618 3257 767 3318 iudicium
793 3257 866 3318 ferri
892 3257 1063 3330 candentis,
1096 3257 1288 3320 reconciliati

261 3371 334 3426 sunt
356 3366 417 3439 ita,
438 3367 522 3446 quod
545 3366 722 3428 nominatos
737 3375 824 3428 actor
838 3367 955 3428 dimisit
968 3369 1159 3429 nominatum
1174 3369 1290 3431 aduer-

260 3474 379 3536 sarium
394 3495 484 3536 suum
501 3493 557 3555 pro
571 3474 749 3550 innocente,
774 3476 869 3538 indici
885 3485 988 3540 autem
1004 3479 1199 3560 etpristaldo
1215 3499 1290 3541 con-

261 3591 420 3646 uenerunt
430 3583 521 3644 simut
536 3582 728 3648 satisfacere.

286 3727 292 3736 -
343 3691 430 3774 (aad)
452 3695 566 3758 Foroos
588 3694 670 3757 iiiios
690 3697 746 3760 lna
768 3697 888 3760 comitis
907 3697 1074 3780 requisiuit·
1093 3701 1289 3763 anto.Ladis··

261 3805 344 3870 ianm
359 3805 506 3868 comitam
521 3808 560 3869 da
574 3807 658 3868 Bach
682 3815 713 3870 ct
726 3807 861 3871 indicam
878 3809 966 3872 curio
980 3811 1151 3892 quosdam,
1173 3803 1290 3874 sciiicat

232 3910 236 3924 '
261 3918 411 3992 Alincum,
426 3919 569 3994 Petrum,
583 3910 715 3981 Endum
723 3927 755 3982 ct
765 3919 919 3982 Abarcum
933 3917 1015 3981 filios
1023 3920 1165 4002 Coponi,
1180 3921 1289 3984 dicens

261 4027 348 4109 ipsos
370 4045 444 4092 snos
464 4046 535 4091 csse
555 4029 728 4102 libertinos,
746 4027 792 4090 iiii
807 4037 911 4092 autom
924 4030 1158 4112 responderunt
1171 4048 1206 4093 se
1221 4050 1290 4096 orn-

261 4138 338 4202 ttino
352 4159 422 4202 ossa
436 4141 563 4215 liberos,
577 4148 613 4203 'ot
626 4141 825 4203 adduxerant
839 4148 1027 4204 assertorem
1039 4139 1191 4204 insertoris
1203 4143 1290 4225 ipso-

261 4265 332 4316 rum
347 4251 617 4329 ct'doionsorcm,
630 4250 759 4316 nominc
773 4231 911 4321 sonori
926 4252 1026 4318 tilium
1039 4253 1167 4322 iocosis
1185 4255 1290 4321 cuias
