2920 4758
319 1185 443 1272 l’lll'lll
475 1185 786 1274 tuemurlseurt
811 1187 1087 1276 eructatus

231 1375 724 1506 consurrurro
762 1336 1177 1468 sir-nonnus

598 1561 812 1626 rtcuxxxv.

454 1725 593 1780 ldllarloti
611 1729 716 1795 lllyrlrc
734 1745 810 1782 suero
828 1731 874 1782 ΙΙΙ.
892 1729 950 1786 213.

584 1882 830 1894 ——1———

271 2015 307 2076 ln
321 2014 447 2100 nomine
467 2023 575 2080 sancte
598 2023 629 2078 et
649 2015 813 2082 indiuidue
833 2017 990 2082 trinitatis.
1019 2037 1102 2080 anno
1117 2017 1157 2080 ab
1170 2018 1219 2080 in·

182 2128 374 2192 carnosiore
407 2127 525 2193 domini
552 2127 768 2194 MCLXXXV.
806 2129 976 2222 indictione
1006 2129 1060 2193 111.-
1089 2129 1217 2192 domino

184 2239 285 2302 Lucio
315 2257 396 2319 papa
419 2239 471 2301 ill.
495 2239 667 2320 apostolice
695 2239 763 2302 sedi
788 2239 988 2322 presidente,
1025 2258 1063 2302 ac
1090 2239 1217 2306 domino

184 2349 261 2416 Bela
281 2351 332 2415 Hi.
353 2350 516 2432 Hungarie
537 2370 670 2434 regnum
693 2351 908 2432 gubernante,
931 2358 962 2414 et
984 2351 1111 2426 domiuo
1131 2351 1217 2412 Hen-

183 2461 252 2526 rico
264 2461 331 2524 lilio
347 2461 424 2535 eius,
446 2479 485 2528 ee
499 2461 575 2524 uiuo
588 2469 751 2536 coronato,
772 2459 833 2530 hoe
848 2469 951 2526 actum
968 2468 1025 2527 ost.

267 2575 431 2650 Quoniam
450 2574 612 2656 pastoralis
638 2573 735 2642 *officit
757 2593 846 2649 cura,
875 2575 989 2658 quibus
1010 2574 1216 2658 spiritualium

184 2707 291 2751 rernm
305 2707 428 2756 summa
444 2686 658 2760 committitur,
679 2687 829 2750 admouet
846 2687 1012 2752 uniuersos
1032 2705 1069 2750 ac
1083 2696 1216 2770 paterna

181 2797 360 2863 sollicitudo
386 2797 514 2870 inuitat,
545 2805 581 2861 ut
603 2797 753 2879 gregibus
778 2797 841 2862 sibi
863 2797 990 2862 creditis
1013 2795 1056 2860 ita
1079 2798 1213 2879 quisque

183 2908 368 2990 prouideut,
381 2909 467 2992 quod
481 2908 626 2990 luporum
641 2909 796 2974 morsibus
811 2928 874 2970 non
889 2915 1065 2988 exponatur
1078 2907 1214 2982 incaute,

183 3029 215 3084 et
229 3039 275 3084 ne-
285 3021 460 3104 incongrua
475 3022 639 3084 abutentes
661 3019 811 3093 boconia,
832 3019 965 3090 terrenis
979 3019 1152 3087 commodis
1165 3019 1214 3082 in-

182 3133 271 3196 hiare
284 3133 462 3207 uideantur,
478 3141 510 3198 et
522 3154 563 3196 ne
579 3133 753 3197 animarum
768 3132 857 3196 lucra
869 3131 1031 3205 omittant,
1046 3130 1214 3214 diligenter

182 3245 352 3326 inquirere.
381 3245 454 3308 ideo
477 3265 536 3327 ego
552 3246 681 3319 Petrus,
703 3244 809 3308 diuina
832 3244 959 3308 fauente
981 3243 1087 3326 gracia
1105 3243 1214 3326 Spala-

181 3357 247 3418 tiae
269 3355 643 3438 sedisorebiepisoopus,
665 3355 776 3421 uidens
801 3355 899 3419 multa
917 3354 1059 3440 enormia
1081 3374 1138 3435 per
1155 3373 1213 3416 no·

181 3475 282 3534 strum
303 3465 608 3548 archiepiscopatum
629 3465 810 3539 emersisse,
831 3465 1084 3548 multiplicesque
1105 3465 1214 3528 subdi·

181 3585 286 3642 torum
305 3597 428 3642 errores
450 3577 654 3642 considerans
676 3576 814 3659 grauiter
835 3574 1008 3658 pullulare,
1029 3583 1064 3640 ut
1084 3576 1212 3640 domino

177 3687 371 3769 procidente
398 3688 578 3755 escessihm
601 3687 694 3754 uotis
718 3706 890 3770 congruum
916 3687 1013 3757 tinem
1034 3687 1213 3770 imponere,

179 3807 280 3880 atque
291 3798 481 3865 ¹salutaribus
500 3797 625 3868 monitis
640 3799 806 3878 audientes
822 3798 1150 3880 possemjniormare,
1171 3799 1211 3862 dc

180 3911 328 3974 mandato
343 3919 376 3974 et
389 3911 549 3974 uoluntate
564 3911 678 3974 summi
690 3909 847 3993 pontilicis
863 3910 899 3980 ¹in
913 3918 1023 3977 nostm
1036 3905 1214 3994 spalatensi

179 4020 324 4095 cirritate,
345 4039 416 4084 oum
429 4019 576 4086 omuibus
591 4019 798 4105 suffraganeis
818 4029 850 4086 et
863 4021 1047 4129 abbatibus,
1068 4041 1128 4086 nee
1146 4039 1211 4084 non

180 4132 368 4204 clericorum
390 4133 497 4214 copia,
519 4133 701 4216 generalem
721 4135 894 4217 synodum,
915 4134 1064 4202 innocota
1080 4132 1211 4217 aspiri·

179 4253 229 4312 tus
245 4246 351 4332 gracia
365 4245 509 4312 kalendis
523 4247 597 4313 Maii
611 4248 858 4327 celebrabimus,
878 4248 934 4312 ubi
946 4267 1025 4317 uero
1050 4319 1053 4325 ,
1104 4309 1107 4322 ,
