2920 4758
327 361 388 432 151
429 381 517 432 aene
531 383 572 430 ιν.
586 381 676 430 neore
690 382 840 430 urrerrm
855 379 1013 428 nosrrron
1027 381 1059 426 oe
1072 377 1239 426 mennam
1269 357 1355 426 1242

408 533 473 618 (12)
495 535 589 612 Quod
602 536 629 600 si
642 535 739 602 iudex
752 543 917 618 suspectus
931 531 1109 608 habebitur,
1130 541 1162 596 et
1175 542 1268 596 actor
1280 530 1356 616 legi·

327 649 434 714 limam
455 667 582 710 causam
601 647 813 710 recusacionis
834 645 1070 728 inallegauerit,
1091 646 1277 709 conuocatis
1292 664 1355 708 om·

327 761 420 826 nibus
434 759 606 823 maioribus
621 759 772 832 ciuitatis,
792 759 862 840 ipso
881 756 985 820 iudice
1004 764 1167 840 presente,
1189 758 1353 840 negocium

329 873 500 936 decidatur.
529 871 569 936 de
584 889 719 953 quorum
740 870 901 935 sentencia
921 870 947 932 si
967 869 1070 932 adhuc
1085 868 1287 951 contingeret
1301 870 1353 932 dn·
1396 863 1400 868 ’

328 981 437 1055 bitari,
460 989 491 1044 et
510 989 596 1044 actor
609 981 808 1064 importunus
828 1000 883 1044 eos
905 982 945 1043 ad
965 981 1048 1064 regis
1069 979 1215 1044 citauerit
1228 999 1353 1064 presen-

328 1093 426 1166 ciam,
448 1091 534 1154 solus
548 1093 643 1155 iudex
658 1111 716 1174 pro
731 1091 798 1154 aliis
813 1091 958 1154 omnibus
971 1091 1018 1154 ire
1038 1097 1191 1154 teneatur.

412 1189 479 1284 (13)
500 1204 621 1266 Eodem
635 1203 745 1276 modo,
766 1221 825 1284 pro
840 1221 1028 1284 quacunque
1048 1217 1143 1266 causa
1163 1201 1300 1266 iudicem
1313 1201 1352 1266 ci·

329 1315 434 1378 nitetis
449 1321 481 1377 et
495 1315 592 1388 ciues,
614 1313 665 1375 uel
681 1315 766 1376 ciues
781 1313 866 1376 solos
881 1314 921 1376 ad
935 1315 1018 1394 regis
1033 1313 1230 1395 presenciam
1247 1313 1351 1394 siquis

330 1425 456 1499 citaret,
477 1443 541 1488 non
555 1431 679 1488 tenetur
692 1425 738 1486 ire
753 1421 818 1486 nisi
827 1423 913 1488 solus
926 1424 1023 1488 iudex
1039 1425 1183 1490 ciuitatis.

411 1533 477 1618 (lt)
500 1535 593 1610 Quod
614 1536 640 1598 si
661 1535 730 1617 quis
754 1534 891 1617 aliquem
910 1535 1012 1598 ciuem
1034 1534 1085 1599 nel
1107 1534 1204 1610 ciues,
1226 1555 1291 1600 non
1304 1555 1349 1600 re-

329 1647 457 1731 quitens
478 1654 571 1710 enten
588 1644 742 1707 iusticiam
763 1645 823 1708 sibi
843 1644 913 1708 fieri
935 1644 1070 1708 aiudice
1085 1644 1231 1720 cinitotis,
1253 1646 1293 1710 ad
1306 1665 1350 1708 re·

330 1779 403 1841 gem
421 1756 582 1831 citauerit,
603 1775 661 1837 pro
679 1757 732 1819 illo
754 1756 808 1820 uel
829 1755 890 1818 illis
910 1757 1006 1820 iudex
1024 1757 1070 1820 ire
1091 1757 1262 1832 tenebitur,
1283 1758 1349 1822 etei
1428 1831 1430 1860 ἱ

330 1870 440 1931 citator
454 1867 600 1930 refundet
620 1887 794 1948 expensas,
816 1887 853 1930 eo
870 1869 956 1950 quod
971 1873 1150 1951 contempta
1170 1869 1348 1934 auctoritate

329 1979 439 2062 legalis
462 1977 638 2061 priuilegii,
660 1979 719 2042 sibi
741 1979 873 2062 cogniti,
894 1981 1074 2062 irrequisito
1094 1980 1197 2044 iudice
1214 1981 1349 2054 ciuitatis,

329 2090 509 2173 fatigauerit
524 2109 596 2152 eum
611 2089 727 2152 frustra
740 2089 899 2154 laboribus
915 2098 947 2152 et
960 2090 1118 2173 expensis.

412 2199 476 2283 (15)
499 2199 592 2264 Ciues
607 2208 711 2264 antem
725 2199 857 2264 liberam
878 2201 1017 2264 babeant
1037 2201 1252 2284 undecunque
1271 2201 1350 2266 uolu-
1432 2177 1433 2186 ἵ

327 2314 408 2378 erint
418 2312 556 2395 eligendi
570 2311 751 2376 facultatem
765 2311 904 2374 iudicem
916 2311 1052 2374 ciuitatis
1067 2313 1158 2374 nobis
1174 2321 1349 2394 presentan-

328 2427 420 2498 dum,
441 2432 474 2487 et
493 2422 634 2486 mutandi
655 2423 791 2487 eundem
813 2423 974 2486 annuatim
994 2442 1053 2506 pro
1072 2444 1128 2489 sue
1148 2425 1279 2488 arbitrio
1300 2444 1349 2488 uo

326 2535 464 2597 luntatis.

409 2641 473 2726 (16)
495 2646 573 2708 Item
596 2645 623 2708 si
646 2648 715 2728 quis
737 2646 777 2708 de
799 2645 925 2710 ciuitate
947 2645 1015 2710 eine
1036 2646 1156 2710 herede
1175 2647 1350 2720 decesserit,

328 2757 367 2821 de
387 2756 482 2820 rebus
503 2757 567 2820 suis
588 2755 754 2820 mobilibus
773 2757 904 2820 liberam
926 2757 1042 2820 babent
1057 2757 1247 2839 disponendi
1261 2753 1349 2822 lacul-

326 2873 422 2934 tatem
436 2868 611 2950 cuicunque
626 2867 773 2930 uoluerit.
793 2887 845 2930 res
861 2885 939 2931 uero
954 2868 1141 2943 immobiles,
1162 2870 1287 2944 domus,
1302 2890 1349 2932 cu·

327 2979 424 3052 mam,
445 2979 566 3052 uineas,
588 2985 703 3041 terram
719 2984 752 3042 et
765 2977 935 3053 beneficia,
956 2997 1086 3041 suorum
1107 2979 1285 3042 concinium
1301 2981 1349 3044 ba·

326 3089 393 3152 bito
408 3088 538 3152 consilio
553 3089 646 3150 uxori
665 3106 721 3151 sue
744 3087 797 3152 uel
815 3088 908 3153 elicui
930 3097 1136 3171 cognatorum
1157 3109 1287 3153 suorum
1305 3111 1349 3154 re·

327 3197 463 3280 IInquat,
484 3199 528 3260 ita
542 3180 660 3273 tamen,
682 3198 767 3280 quod
781 3217 840 3260 nec
854 3219 912 3280 per
925 3199 1044 3282 Ipsum,
1066 3219 1126 3262 nec
1141 3219 1200 3282 per
1213 3217 1347 3276 uxorem,

328 3327 388 3370 nec
409 3327 464 3389 per
484 3315 634 3390 cognatos
655 3327 673 3370 a
696 3307 909 3371 iurisdictione
929 3309 1062 3376 ciuitatis
1085 3311 1206 3392 possint
1227 3309 1348 3377 alienari

329 3417 381 3480 uel
395 3418 489 3482 eximi
504 3419 555 3480 uel
571 3417 676 3480 auelli.
1284 3403 1288 3410 Χ

411 3525 479 3609 (17)
499 3529 578 3590 Item
593 3525 619 3588 si
634 3527 703 3609 quis
718 3527 883 3592 intestatus
899 3530 1081 3606 decesserit,
1095 3540 1126 3594 et
1140 3549 1200 3594 nec
1215 3551 1347 3608 uxorem,

328 3657 387 3702 nec
400 3637 481 3702 filios
497 3638 550 3702 uel
564 3646 716 3722 cognatos
730 3639 890 3713 babuerit,
912 3641 974 3704 due
988 3649 1095 3724 partes
1109 3660 1215 3706 rerum
1230 3663 1346 3708 suerum

330 3769 386 3830 per
401 3749 487 3812 uiros
508 3749 571 3811 fide
593 3749 724 3832 dignos,
747 3749 879 3814 consilio
901 3751 1017 3813 ciuium
1038 3751 1160 3816 adhoc
1181 3753 1346 3836 deputatos,

326 3857 520 3940 pauperibus
539 3867 570 3922 et
583 3858 716 3924 ecclesie
731 3859 865 3924 ciuitatis
880 3859 1022 3926 eiusdem
1037 3861 1274 3938 distribuantur,
1293 3873 1346 3928 ter·

330 3967 380 4032 cie
395 3985 474 4031 uero
488 3985 562 4050 pars
576 3971 617 4032 ad
630 3969 795 4038 utilitatem
811 3971 944 4038 cluitetis
959 3980 1151 4038 reseruetur.

412 4077 480 4164 (18)
499 4081 579 4144 Item
598 4083 780 4158 statuimus,
808 4087 894 4168 qnod
914 4085 948 4148 in
968 4086 1080 4150 eadem
1102 4086 1228 4153 ciuitate
1250 4087 1344 4152 lorum

327 4197 468 4264 solemne
486 4193 610 4257 duobus
631 4193 741 4260 diebus
758 4196 791 4260 iu
809 4196 1025 4276 hebdomada,
1038 4198 1194 4266 'uidelicet
1215 4199 1266 4264 die
1278 4200 1343 4266 lune
