2978 4754
499 441 684 508 nnonsrrou
708 457 750 506 nn
771 433 884 506 ιιιιιιιζ
941 434 943 436 ’
1145 435 1206 504 tel

260 614 340 694 (et)
361 591 518 683 Arnoldus'
538 608 724 700 procurator
742 613 981 697 hospitaliorum
1000 613 1039 678 de
1062 613 1208 688 Serraob,

179 737 211 794 ct
225 729 374 793 Salomon
393 725 490 792 irater
503 727 711 810 impeeierunt
725 723 879 810 quosdam
897 723 1102 808 ioubagiones
1118 725 1210 788 castti

104 869 109 880 ·
177 837 333 915 Zemlum,
348 831 479 902 scilicet·
502 841 645 913 Petrum,
658 834 863 910 Michaelem‚
882 839 1001 923 Bogus,
1016 837 1210 918 Cbepanum,

116 958 123 964 “
177 945 514 1050 Uetbcm,'l'umpan1,
535 935 757 1023 Mocodinum,
778 947 869 1010 Mozu
885 947 1069 1030 etHyscen
1091 947 1210 1010 etitem

179 1039 371 1136 castrenses,
403 1061 540 1124 scilicet.
572 1059 699 1134 Uillam,
732 1059 854 1142 libyen,
886 1059 1026 1142 Bezegu,
1057 1059 1210 1134 Poiznan,

179 1171 309 1247 lietztel,
323 1154 452 1246 llomnr,
463 1172 602 1246 Zurnob,
617 1171 716 1234 Torsa
730 1177 763 1233 et
776 1167 926 1252 llorkyan
942 1171 982 1232 de
997 1167 1211 1234 destructione

180 1283 281 1370 predii
305 1283 518 1364 hospitalaris,
539 1283 714 1346 secundum
736 1281 970 1344 estimocionem
985 1275 1114 1364 triginta
1128 1301 1212 1344 mer·

181 1415 291 1461 carum
294 1395 434 1458 duabus
457 1395 571 1458 minus.
599 1413 679 1476 quos
694 1391 792 1476 Gyula
815 1399 922 1455 comes
944 1391 983 1456 de
1004 1385 1094 1456 lleue
1115 1393 1212 1456 iudex
1316 1384 1333 1404 ’“

175 1507 267 1572 curie
282 1507 476 1581 discuciens,
497 1505 580 1570 misit
594 1505 784 1598 Uaradinum
805 1505 845 1567 ad
861 1503 1023 1568 candentis
1038 1503 1123 1566 ferri
1130 1505 1213 1567 iudi·

183 1621 284 1694 cium,
306 1637 362 1706 per
381 1619 563 1702 bristoldum
591 1601 900 1699 nominerolitum
928 1615 983 1678 ubi
1004 1597 1238 1702 prenominati*

181 1731 366 1814 iobagiones
387 1730 479 1794 castri
495 1739 526 1793 et
541 1738 715 1792 castrenses
731 1729 771 1792 de
785 1727 913 1811 prelatis
928 1729 1009 1792 uillis
1024 1727 1214 1812 pepigerunt

184 1841 260 1910 dare
285 1843 435 1928 predictis
460 1841 703 1933 hospitalaribus
732 1841 877 1904 undecim
906 1859 1042 1916 merces,
1073 1841 1106 1904 in
1130 1837 1212 1905 festo
1278 1811 1286 1832 ⁰

183 1955 282 2020 sancti
305 1953 390 2038 regis
412 1951 565 2028 ladislai,
596 1972 703 2029 coram
728 1951 864 2034 capitulo
885 1953 1045 2034 agriensi,
1078 1953 1212 2017 elidem

184 2045 367 2157 satisfacere
383 2065 489 2140 iudici,
502 2075 625 2149 partem
640 2072 745 2128 etitem
760 2063 901 2151 pristaldi
915 2063 1123 2146 hospitatores
1139 2071 1214 2128 con-⁴

186 2185 345 2291 uenerunt
361 2177 554 2260 persoluere.
1071 2187 1073 2192 '

249 2287 351 2364 (88)
372 2287 518 2350 Nicolaus
535 2285 660 2350 curialis
675 2303 781 2348 comes
797 2283 931 2348 ecclesie
945 2285 985 2350 de
999 2283 1075 2351 uilla
1089 2255 1216 2361 raztun,

186 2419 258 2462 cum
283 2397 481 2481 Agazonibus
509 2397 652 2462 ciusdem
682 2379 834 2472 ecclesie,
869 2397 1003 2482 scilicet·
1039 2397 1216 2474 Ambrosio,

63 2569 67 2580 ,
157 2551 160 2560 ·
186 2507 312 2574 Mcuclri
339 2517 370 2574 et
393 2509 460 2573 aliis
485 2511 524 2572 de
550 2509 625 2572 uilla
648 2507 742 2584 Crisi‚
773 2509 982 2592 impeoicrunt
1001 2489 1154 2593 quosdam
1176 2514 1216 2580 dc

185 2621 427 2706 ioubagionibus
450 2622 591 2684 eiusdem
618 2620 768 2694 ecclesie,
800 2621 938 2686 scilicet:
971 2606 1117 2688 limorum
1145 2645 1216 2690 cum
1338 2638 1344 2652 '

187 2723 303 2814 genere
326 2750 384 2794 suo
406 2719 446 2794 de
466 2731 541 2794 uilla
560 2731 679 2814 Uylok,
700 2739 731 2796 et
751 2732 842 2795 Elusi
862 2749 933 2794 cum
956 2755 1073 2817 genere
1094 2755 1153 2800 suo
1176 2737 1215 2800 de

46 2832 49 2838 ¹
91 2883 95 2888 -
186 2843 262 2908 uilla
283 2843 471 2925 Oluptiuan,
493 2842 548 2925 qui
571 2842 710 2906 dicentes
734 2845 819 2926 quod
841 2853 952 2908 essent
969 2859 1122 2930 agazones
1144 2869 1217 2932 pre-

185 2954 251 3020 fate
271 2955 420 3028 ecclesie,
441 2954 502 3038 ipsi
522 2959 625 3017 eutem
649 2955 795 3021 dixerunt
816 2977 850 3020 se
872 2957 1040 3022 bellatores
1054 2959 1218 3043 ioubagio-

187 3086 262 3142 nes,
289 3065 444 3129 iudicibus
468 3067 574 3128 Banco
601 3066 729 3140 comite,
757 3074 789 3130 et
808 3067 920 3150 Egidio
942 3069 1054 3134 abbate
1077 3071 1217 3136 eiusdem

190 3179 334 3253 ecclesie,
354 3178 505 3261 pristaldo
520 3181 642 3242 Pernen
668 3181 708 3244 de
726 3179 808 3244 uilla
833 3179 1029 3247 Olnemet.
1019 3181 1072 3266 qui
1094 3192 1218 3268 portato

189 3288 274 3354 terro
288 3289 445 3353 iustificati
459 3300 542 3354 sunt.

222 3403 355 3478 (89)
375 3400 527 3466 Martinus
548 3403 698 3468 sacerdos
712 3414 744 3468 et
757 3407 923 3470 canonicus
939 3373 1169 3474 Ueradi'ensis
1160 3431 1219 3474 rm·

191 3513 287 3596 peciit
299 3510 487 3597 lobegiones
501 3515 606 3598 Ugud,
628 3516 760 3580 scilicet:
783 3519 919 3610 Senlcam
935 3527 966 3583 et
978 3521 1101 3598 Uodad,
1115 3521 1219 3587 iudice

192 3615 274 3688 blica
295 3623 427 3699 comite,
448 3625 599 3716 pristaldo
614 3627 718 3690 Petus.
746 3629 850 3691 Senlre
871 3629 922 3694 fur
935 3613 1059 3712 portato
1073 3633 1158 3696 lerro
1173 3635 1219 3698 iu·

192 3733 342 3803 stificatus
357 3741 420 3808 est,
442 3719 550 3798 Uodad
563 3745 670 3830 autem
686 3737 865 3802 combustus
880 3747 937 3802 est.
1054 3805 1055 3808 ,

275 3843 353 3920 (90)
376 3845 545 3929 Gregorius
564 3845 648 3910 lilius
664 3847 757 3911 Salad
778 3850 918 3934 impeciit
932 3851 1071 3918 Tilelranr
1092 3875 1219 3920 seruum

192 3955 305 4020 Cosme
327 3956 450 4022 comitis
469 3957 509 4021 de
528 3959 686 4024 occisione
707 3962 755 4024 sui
775 3963 966 4040 seruientis,
980 3966 1103 4030 arbitris
1116 3967 1220 4042 Iacob,

191 4064 346 4145 lilarcens,
364 4066 469 4132 Herne
485 4073 516 4132 et
530 4070 642 4136 abbate
655 4073 814 4156 Stephano
830 4075 869 4140 de
880 4077 997 4142 Petbur
1011 4078 1043 4142 in
1058 4077 1220 4162 promncta

192 4177 320 4266 Sbung,
340 4181 495 4268 pristatuo
509 4183 598 4248 Feud
612 4183 651 4248 de
667 4186 741 4252 uilla
755 4187 854 4254 Noen.
880 4209 951 4270 cum
963 4191 1070 4256 Filelta
1090 4199 1220 4279 propter
