2904 4754
378 413 528 474 arusinis
548 425 705 474 nosnnrnr
726 409 759 474 ni
778 411 884 474 cosm.
926 408 1017 475 1270:
1148 409 1208 478 ΒΞ)

264 577 313 663 (t)
336 579 362 644 si
383 599 460 644 uere
481 577 612 642 ulterius
633 575 730 642 suerit
749 587 880 642 necesse
901 581 933 642 in
952 580 1020 662 ipsa
1035 579 1109 644 ailla
1123 599 1210 644 ccm-

174 679 314 766 mor'ari,
336 693 447 754 domos
468 689 558 754 nobis
580 697 612 753 ct
625 691 739 754 nostris
755 692 949 766 concedent,
970 691 1026 754 sed
1041 711 1103 776 que
1117 690 1208 756 nobis

175 801 234 865 nei
251 802 367 866 nostris
380 801 457 864 fient
471 801 664 876 neccssaria,
686 803 768 864 iusto
783 801 890 884 precio
906 805 1166 886 comparabimus.

264 911 309 993 (5)
330 911 391 974 boc
414 913 514 974 eciam
534 913 708 974 eorundem
727 931 912 974 concessum
934 921 982 976 est
1001 913 1152 988 libertati,
1173 921 1209 978 ut

177 1027 221 1088 ad
231 1023 420 1088 resecandas
434 1031 558 1106 segetes
573 1031 695 1087 nostras
709 1025 813 1088 nulius
827 1025 968 1107 ipsorum
982 1025 1080 1092 inuite
1094 1027 1209 1108 poterit

177 1117 342 1218 compelli,
363 1135 423 1198 nisi
437 1136 507 1218 quis
523 1135 649 1218 propria
662 1135 746 1197 bona
759 1135 920 1200 uoluntate
936 1135 1136 1202 concesserit

266 1243 311 1327 (6)
331 1246 392 1308 bec
414 1242 512 1307 eciam
532 1246 649 1319 addito,
671 1247 758 1328 quod
777 1266 872 1308 nemo
887 1246 1000 1310 exiliis
1019 1247 1053 1310 in
1066 1255 1208 1313 nostram
1304 1297 1310 1308 ,

176 1357 375 1440 legacionem
398 1355 566 1419 mittendus
588 1357 663 1430 erit,
683 1357 743 1419 nisi
763 1375 820 1438 per
839 1363 956 1420 tantam
976 1377 1076 1439 usque
1097 1359 1207 1424 boram

176 1467 304 1552 prandii
317 1468 431 1550 poterit
443 1467 612 1549 perueniri.
1077 1477 1081 1483 ·

264 1577 311 1662 (7)
332 1599 392 1641 nec
404 1579 468 1640 buc
484 1579 773 1674 pretermittendum
789 1587 852 1654 cst,
873 1585 911 1642 ut
923 1580 949 1641 si
963 1580 1034 1662 quis
1045 1580 1208 1662 hospitum

176 1691 443 1774 supradictorum
464 1691 534 1753 sine
553 1691 672 1754 herede
687 1690 877 1765 decesserit,
899 1711 1008 1756 omnes
1022 1711 1094 1756 suas
1108 1693 1207 1756 facul·

175 1811 259 1868 tates
281 1803 415 1866 liberum
442 1802 570 1865 babebit
595 1801 755 1866 arbitrium
779 1823 969 1887 quoeunque
990 1805 1077 1870 uelut
1101 1806 1206 1890 dispc-

174 1915 285 1977 nendi.

262 2021 308 2108 (8)
329 2023 356 2088 si
371 2025 439 2108 quis
454 2025 553 2088 eciam
566 2024 691 2090 iliorum
707 2047 741 2089 se
757 2027 879 2090 anubis
894 2025 1031 2094 notuerit
1040 2030 1205 2095 absentare

177 2145 211 2200 ct
233 2138 273 2200 de
291 2135 362 2200 loeo
378 2137 462 2200 dicto
477 2138 649 2213 recedere,
669 2139 775 2202 omnia
794 2157 852 2200 sua
866 2137 998 2213 edificia,
1016 2140 1134 2202 scilieet
1149 2142 1206 2204 dn-

176 2267 248 2312 mos
262 2258 293 2310 et
307 2250 425 2312 curiam
438 2249 619 2322 uendendo,
637 2248 733 2312 saluis
746 2249 841 2310 rebus
856 2249 1001 2311 omnibus
1015 2249 1066 2312 die
1081 2248 1205 2324 lucente

171 2359 369 2434 licenciatus,
399 2359 517 2442 absque
538 2357 602 2422 ulio
623 2358 812 2441 impeditore
833 2358 961 2422 liberam
982 2357 1099 2424 babeat
1116 2379 1205 2424 rece
1256 2348 1260 2354 ¹

173 2473 270 2536 dendi
283 2471 473 2534 facultatem.
598 2459 599 2463 ¹

258 2580 303 2665 (9)
325 2590 469 2664 preterea
489 2583 515 2646 si
536 2583 606 2665 quis
628 2581 662 2644 in
682 2583 833 2645 iudicium
851 2583 1013 2660 inciderit,
1041 2585 1205 2669 sexaginta

174 2691 453 2766 denariossotuet,
474 2693 716 2774 etnonplnres.
967 2695 970 2702 '

257 2801 322 2887 (10)
354 2805 482 2868 sinere
507 2805 620 2888 aliquis
646 2823 686 2868 ex
709 2805 787 2888 ipsis
811 2805 989 2888 hospitibus
1013 2787 1208 2872 discordiam

173 2917 308 2980 mouerit
328 2934 401 2978 cum
419 2915 604 2997 conbnspite
626 2933 695 2989 sne,
717 2922 749 2978 ct
762 2915 887 2980 irruens
906 2917 939 2977 in
951 2915 1040 2979 illum
1054 2918 1205 3004 uerbera·

173 3030 273 3102 nerit‚
295 3035 373 3110 quot
393 3041 505 3108 passus
525 3026 644 3110 pedum
666 3033 740 3089 sunt
759 3025 799 3087 dc
821 3025 915 3088 dumo
928 3026 1082 3090 irruentis
1101 3045 1203 3108 usqne

174 3141 215 3203 ad
236 3139 366 3204 domum
385 3138 558 3212 uerberati,
579 3135 712 3200 totidem
726 3135 893 3218 sexaginta*
902 3135 1104 3200 denariorum
1118 3155 1203 3220 pena

172 3250 331 3334 punietur.
443 3261 445 3267 '

257 3354 370 3443 (Misi
391 3359 461 3442 quis
481 3367 586 3422 antem
609 3357 714 3442 gladic
737 3357 869 3427 alterum
891 3360 1099 3436 nlnemucrit,
1126 3369 1203 3445 quet

173 3472 303 3554 peiliees
323 3472 357 3534 in
379 3469 492 3534 uulnus
514 3469 635 3536 illatum
650 3469 847 3552 impriment,
868 3477 915 3536 tot
929 3449 1091 3554 sexaginta
1104 3473 1202 3536 dena-

54 3609 62 3615 -
172 3585 238 3648 rius
251 3585 320 3667 ipse
333 3584 497 3648 ulnerator
510 3582 636 3648 soluere
652 3581 788 3646 debebit.

257 3691 323 3777 (12)
345 3695 372 3757 si
392 3713 470 3758 uero
483 3713 555 3758 eum
568 3691 695 3756 cultello
711 3694 781 3776 quis
800 3696 922 3759 socium
943 3713 1036 3758 suurn
1052 3694 1202 3761 uulnera-

171 3807 270 3881 uerit,
291 3825 401 3869 manus
423 3805 565 3870 eiusdem
586 3804 769 3868 sauciatoris
788 3804 822 3867 in
838 3803 972 3870 macello
987 3823 1059 3868 cum
1077 3807 1201 3874 cultello

172 3919 289 3984 debeat
303 3917 471 4002 penetrari.
536 3951 539 3961 ·

255 4029 329 4112 (13)
350 4032 376 4094 si
391 4031 463 4114 quis
476 4038 581 4096 antem
594 4029 732 4118 aliquem
745 4029 905 4108 occiderit,
925 4031 995 4116 ipse
1011 4031 1111 4097 eciam
1123 4049 1210 4096 cun--

170 4143 405 4208 sancticetur.

789 4301 791 4306 .
911 4254 973 4320 aa.
