2978 4754
300 445 362 512 710
622 465 807 518 neaeman
832 467 874 516 nn
896 467 1009 516 vnn.

385 619 473 704 (301)
494 623 583 686 Roda
612 623 652 686 de
681 622 791 705 predio
818 623 927 686 Beken
952 619 1092 704 impaciit
1119 619 1332 685 connillsnnm

308 755 400 798 suum
412 735 538 798 Urcund
553 736 592 798 de
606 755 671 797 una
685 753 790 798 marca
803 744 835 798 ct
848 735 993 808 dimidia,
1015 733 1118 797 iudice
1131 734 1258 798 domina
1269 737 1332 798 Eu-

302 843 409 919 iemia,
424 845 574 926 pristaldo
586 847 681 907 Tooa.
702 845 830 908 Uncuud
843 855 965 928 portato
979 846 1064 908 serto
1079 845 1262 908 combustus
1276 854 1332 908 est

389 956 476 1038 (302)
497 957 611 1020 Miciou
626 959 666 1020 de
680 956 754 1022 uilla
770 959 883 1038 Bogus,
899 977 969 1019 cum
980 958 1101 1020 diceret
1114 957 1332 1022 fideiussorem

302 1069 456 1132 Rufdonis
474 1070 506 1130 in
525 1069 713 1132 nendicione
729 1070 820 1152 equi,
840 1071 893 1150 qui
909 1069 993 1132 sunto
1007 1056 1147 1132 sublatus
1162 1074 1233 1130 esse
1249 1067 1333 1131 dice-

302 1179 395 1244 batur
409 1179 527 1242 domini
542 1180 700 1242 Rustonis.
722 1182 821 1242 llursa
836 1180 913 1242 dixit
928 1199 998 1242 esso
1013 1178 1215 1252 maleficium,
1228 1179 1334 1242 iudica

305 1289 469 1374 Comploto
483 1290 707 1354 archidiacono
722 1293 762 1354 de
777 1290 923 1364 Canauna,
945 1291 1094 1373 pristaldo
1104 1291 1194 1354 Bada
1208 1292 1248 1354 de
1259 1291 1335 1354 uilla

304 1402 421 1484 Bogus.
443 1403 556 1465 Micieu
572 1410 695 1483 portato
710 1401 795 1464 terro
810 1401 994 1466 iustificatos
1008 1411 1066 1466 est.

388 1511 477 1595 (303)
499 1513 610 1576 Petrus
625 1521 657 1576 et
670 1513 753 1574 Bosa
769 1513 808 1574 de
823 1513 912 1585 Alba,
934 1522 968 1576 nt
983 1513 1149 1594 pristaldos
1165 1513 1257 1586 dixit,
1277 1515 1334 1576 im-

305 1624 470 1706 peeleruat
483 1624 641 1706 quendam
663 1624 702 1687 de
717 1622 793 1684 uilla
806 1624 880 1685 Mon
899 1623 1026 1686 nomine
1042 1623 1157 1697 Uluen,
1177 1623 1290 1706 uiginti
1304 1633 1336 1687 et

307 1736 448 1817 quinque
471 1736 584 1798 marcis
606 1735 762 1798 uiolenter
784 1735 895 1800 ablatis
920 1745 951 1798 ct
973 1735 1064 1817 plaga
1091 1735 1203 1817 gladii,
1230 1735 1334 1798 iudice

306 1846 375 1910 Pris
397 1846 504 1910 cumali
526 1847 640 1910 comite
659 1847 703 1910 de
723 1850 865 1920 Zouuuc,
887 1847 1039 1928 pristaldo
1060 1848 1175 1909 Forcos
1198 1848 1239 1911 de
1262 1847 1336 1910 uilla

309 1959 408 2022 Tuke.
428 1958 590 2042 Pengracii
605 1959 746 2022 seruiens
762 1961 873 2024 Petrus
889 1969 921 2022 et
934 1962 1017 2022 Bosu
1033 1961 1213 2022 combustus
1228 1967 1286 2022 est.

391 2068 479 2153 (300)
514 2070 592 2134 Cum
617 2070 776 2134 uoiouoda
801 2087 907 2134 comes
936 2071 975 2134 do
999 2069 1130 2134 Doboka
1157 2070 1338 2151 peiuidemt

310 2183 480 2246 exercitum
495 2202 602 2255 suum,
624 2181 750 2262 quidam
772 2201 811 2242 ex
830 2181 1070 2263 ioubagionibus
1082 2180 1230 2243 eiusdem
1246 2179 1337 2243 castu'

308 2294 435 2358 nomine
454 2292 605 2368 Horeust,
625 2293 709 2357 stetit
728 2294 760 2356 in
784 2294 894 2356 ordine
914 2293 1115 2376 iobegionnm
1137 2292 1337 2366 naturalium,

310 2405 365 2488 qui
375 2404 495 2467 scilicet
507 2405 712 2486 ioubagiones
727 2407 824 2467 sancti
836 2405 920 2486 regis
934 2405 1108 2486 nuncupari
1119 2404 1232 2467 solent.
1251 2403 1274 2462 T
1277 2423 1338 2467 unc

311 2524 512 2612 accesserunt
532 2517 660 2599 qnidam
681 2518 720 2580 de
738 2517 978 2599 ioubagionibns
1000 2516 1098 2578 sancti
1113 2516 1208 2598 regis,
1230 2515 1338 2578 uideli-

312 2635 362 2692 cet
375 2627 483 2709 Uanoy
505 2635 536 2690 et
548 2627 666 2710 Booya,
689 2637 721 2692 et
740 2611 918 2692 reiecerunt
938 2627 1025 2690 illum
1041 2627 1080 2690 de
1095 2629 1205 2690 ordine
1219 2647 1279 2690 suo
1294 2627 1340 2690 di·

254 2774 257 2780 ·
311 2748 435 2814 centes,
456 2741 543 2822 quod
563 2741 630 2822 ipse
651 2759 715 2802 non
737 2748 821 2802 esset
833 2741 874 2801 de
890 2740 1001 2802 ordine
1017 2747 1048 2802 ct
1062 2740 1162 2820 gradu
1176 2739 1340 2820 ioubagio-

312 2873 390 2916 num
411 2851 510 2914 sancti
531 2853 626 2934 regis,
648 2862 679 2916 et
693 2851 753 2914 hec
767 2850 851 2912 idem
868 2850 1014 2912 dixerunt
1028 2851 1178 2931 Keuerug
1197 2849 1342 2914 hoduno-

313 2963 365 3046 gio
381 2971 414 3026 et
425 2963 530 3026 Kereu
544 2963 760 3043 ioubagioues.
789 2953 1024 3043 prenominatus
1037 2961 1143 3042 itaque
1159 2979 1267 3024 comcs
1281 2962 1343 3023 dis-

315 3075 441 3138 cuciens
459 3076 526 3149 eos,
547 3095 605 3158 per
626 3073 810 3156 pristaldum
833 3063 960 3135 nomine
982 3073 1067 3155 Bocy
1090 3073 1129 3136 de
1153 3073 1228 3136 uilla
1241 3075 1343 3136 Boscu

314 3187 399 3252 misit
418 3186 607 3250 Uaradinum
634 3186 675 3248 ad
700 3205 834 3247 examen
858 3185 934 3246 femi
958 3185 1131 3258 candentis,
1159 3184 1213 3246 ubi
1233 3175 1344 3266 acefali

315 3300 424 3380 Uanoy
435 3306 466 3360 et
474 3300 577 3379 Bocya
588 3317 622 3359 se
634 3304 909 3376 recognoscentes,
921 3315 1026 3359 coram
1037 3295 1187 3378 pristaldo
1199 3303 1232 3358 et
1242 3295 1346 3358 Theo·

317 3411 410 3483 doro,
440 3409 493 3490 qni
515 3408 591 3469 dixit
611 3427 645 3470 se
669 3406 736 3468 uice
758 3384 908 3488 Keueuig
928 3405 1163 3488 hudunugiunis
1188 3414 1219 3468 et
1239 3407 1346 3470 Korou
1453 3409 1455 3416 '

210 3513 214 3534 '
316 3511 678 3601 ioubagionis'nenisse,
700 3537 806 3580 coram
827 3515 964 3598 capitulo
986 3515 1191 3580 Uaradincnsi
1209 3514 1348 3581 confessi

194 3657 196 3662 ’
317 3637 405 3703 suut,
423 3630 487 3692 iam
509 3629 623 3692 dictum
638 3624 774 3692 Hereust
792 3627 908 3692 iniuste
930 3629 970 3691 de
992 3627 1103 3690 ordine
1120 3627 1348 3709 ioubagionum

266 3759 270 3766 '
318 3743 417 3806 saneti
430 3741 514 3825 regis
530 3741 698 3824 expulisse.

400 3850 486 3934 (303)
515 3853 645 3921 000000
658 3859 782 3934 portato
804 3851 890 3914 ferro
912 3860 1020 3914 contra
1044 3852 1206 3914 dominum
1227 3852 1349 3914 Rodam

320 3966 501 4031 combustus
515 3972 584 4038 est,
604 3964 709 4028 iudica
730 3963 857 4029 domina
870 3965 1028 4038 Enfemia,
1050 3971 1081 4026 et
1095 3951 1244 4046 pristaldo
1259 3965 1349 4029 Tica·

402 4073 488 4160 (306)
509 4075 605 4140 Miros
624 4076 664 4138 de
681 4075 756 4138 uilla
770 4077 875 4158 Dereg
895 4064 1035 4158 impeciit
1048 4073 1244 4139 conuillauos
1266 4095 1352 4150 suaa,

321 4189 439 4253 seilicet
452 4189 557 4262 Elam,
571 4187 749 4253 Poznanum
764 4194 796 4250 et
808 4188 982 4262 Enderem,
1001 4187 1134 4252 item-de
1150 4187 1226 4253 uilla
1240 4187 1353 4252 Undae

274 4357 277 4363 .
322 4301 501 4376 Martinam,
515 4308 547 4365 et
561 4300 600 4363 de
613 4298 690 4364 nilla
703 4299 804 4364 Fodot
818 4299 917 4364 Sumb
933 4305 964 4364 et
977 4301 1122 4384 Soegam.
1141 4299 1287 4382 impeciit
1298 4321 1354 4366 an·
