2904 4754
150 391 246 442 nm
258 389 299 436 ιν.
312 389 403 436 nsors
417 391 568 438 stersus
581 389 741 444 nominum
755 392 795 438 nn
811 388 972 438 nnsnnnn.
995 371 1085 436 1269.
1127 372 1189 443 ,517

152 543 330 626 ministerio
352 553 386 610 οῖ
407 545 620 611 ecclesiastico
641 544 799 615 beneficio
821 563 1021 628 separamus,
1050 551 1188 608 ettamen

154 655 431 740 dispensacionem
452 656 490 718 de
505 655 554 720 his
569 657 658 720 uobis
674 657 887 730 concedimus,
908 662 943 718 ut
958 655 990 718 bi
1005 656 1058 737 qni
1072 675 1188 726 uxores

154 766 306 830 aniciam
322 767 422 830 dictos
439 767 564 830 ordines
580 775 781 850 acceperunt,
792 767 941 849 quoniam
954 765 1092 848 legitime
1105 774 1188 842 sunt,

153 877 182 952 si
197 877 347 940 uxoribus
362 877 443 940 ultro
457 886 489 942 ct
502 878 570 940 sinc
580 879 744 942 coactione
756 877 983 941 continenciam
999 875 1187 938 acuentibus

153 987 218 1070 ipsi
240 1006 367 1069 quoquc
389 989 567 1062 nocebunt,
590 998 621 1052 et
642 990 768 1053 easdem
787 1007 902 1051 uxores
917 1007 936 1052 a
950 987 1187 1052 cohabitacione

153 1099 384 1171 rcmouebnnt,
405 1098 445 1160 ad
466 1097 569 1160 altaris
586 1099 791 1162 ministerium
806 1099 955 1174 redeant,
977 1106 1008 1162 ct
1022 1097 1188 1162 ecclesias·

153 1208 218 1270 tica
232 1207 387 1270 beneficia
401 1208 547 1272 habeant.

241 1316 309 1399 (18)
330 1319 377 1380 liii
393 1337 470 1383 nero
485 1321 540 1403 qui
554 1329 627 1402 post
639 1339 746 1384 sacros
762 1321 888 1384 ordines
910 1317 1029 1403 aliquas
1049 1320 1107 1384 sub
1121 1340 1187 1384 ma·

154 1421 296 1495 trimonii
309 1431 435 1493 nomine
447 1432 626 1506 duxerunt,
643 1433 791 1514 quoniam
810 1431 990 1496 huiusmodi
1007 1432 1186 1494 coniunctio

155 1549 267 1604 contra
285 1533 376 1624 ¹leges
398 1545 445 1604 cst
465 1541 564 1616 facta,
586 1559 623 1606 ac
642 1561 701 1624 per
714 1543 776 1606 hoc
791 1542 1023 1606 matrimonium
1043 1561 1107 1604 non
1122 1549 1186 1618 cst,

155 1651 226 1728 siue
247 1671 300 1714 eas
315 1651 458 1716 uolentes
480 1652 547 1716 siue
571 1653 684 1734 inuitas
700 1654 889 1728 dimiserint,
912 1657 943 1716 et
957 1651 1186 1720 continenciam

154 1765 190 1827 in
205 1763 337 1828 ecclesie
352 1763 529 1829 testimonio
545 1765 707 1839 uenerint,
729 1765 940 1829 ecclesiastica
954 1763 1056 1830 officia
1070 1765 1115 1828 sic
1129 1765 1187 1828 mi-

156 1876 305 1948 nistrcnb
325 1883 360 1938 ut
380 1875 461 1941 nitra
481 1876 521 1938 ad
541 1876 668 1940 relictos
692 1877 909 1943 immundicias
932 1898 997 1940 non
1019 1877 1187 1942 declinent.

155 2005 233 2048 nam
246 1987 273 2048 si
287 1985 496 2070 legitimarum
510 1987 578 2051 siue
599 1987 732 2053 aliarum
747 1989 967 2052 commixtione
986 2007 1020 2052 sc
1034 1989 1120 2070 ipsos
1135 1987 1188 2052 uel

155 2095 241 2158 ultra
261 2095 454 2172 sedauerint,
484 2099 522 2160 ab
536 2099 642 2163 altaris
660 2097 834 2160 ministerio
856 2093 985 2168 eosdem
1007 2104 1187 2181 sequestra·

157 2227 239 2282 mus,
259 2207 318 2268 nisi
335 2207 442 2271 autad
458 2208 628 2272 canonicos
644 2207 805 2288 regulares
828 2215 882 2270 aut
903 2207 943 2269 ad
958 2207 1101 2270 ordinata
1120 2226 1188 2268 mo-

158 2316 296 2379 necteria
310 2317 498 2380 transierint.
964 2325 967 2331 '

242 2425 375 2510 (1n)1te
397 2429 596 2492 subdiaconis
625 2435 731 2492 autem
755 2435 787 2492 et
807 2427 975 2510 prepositis
996 2427 1133 2490 uxoratis
1155 2424 1188 2490 id

157 2540 262 2622 ipsum
285 2539 355 2602 fieri
378 2541 591 2616 decernimus,
612 2541 669 2603 scd
686 2539 831 2604 inducias
847 2539 936 2602 uobis
951 2559 1046 2622 super
1058 2537 1121 2602 hoc
1135 2559 1188 2602 us-

158 2671 222 2732 que
235 2651 275 2713 ad
288 2652 478 2734 rescriptum
492 2651 610 2716 domini
625 2672 706 2737 pape
722 2653 842 2716 damus.

242 2762 308 2824 Hcc
323 2762 427 2824 omnia
442 2763 626 2836 obserastis,
647 2769 873 2844 promotusque
894 2761 1063 2844 episcopos
1078 2781 1188 2828 omncs

158 2871 382 2936 obseruaturos
398 2871 438 2934 dc
453 2872 564 2934 eadem
580 2871 683 2938 iurare
699 2871 831 2936 faciatis.

540 3073 805 3100 qna-uu.-

501 3148 616 3286 rnn
641 3201 697 3287 n.
722 3159 845 3288 escis

193 3311 462 3446 ursmarus
487 3361 764 3438 nosnmun
791 3363 861 3439 nn
886 3359 1155 3442 sasnunrt

580 3501 774 3566 MCCLXIX.

450 3643 472 3696 Ε
490 3643 617 3695 tabulario
635 3641 750 3693 civitatis
767 3644 905 3694 linsmark.

243 3887 319 3951 Bcla
333 3888 384 3952 dei
400 3887 508 3970 gracia
521 3885 683 3970 Hungaric
703 3894 735 3948 ct
756 3893 816 3950 cet.
829 3907 897 3950 rcx.
917 3887 958 3950 ad
971 3887 1191 3953 uniuersorum

160 3999 311 4064 noticiam
326 4007 438 4062 tenore
452 4000 653 4082 presencium
668 3997 814 4062 uolumus
830 3999 997 4082 peruenire
1001 4045 1011 4076 ,
1032 4001 1118 4084 quod
1132 4021 1190 4064 nes

160 4109 450 4194 supplicacionibus
472 4109 633 4194 hospitum
650 4117 830 4174 nostrorum
850 4111 890 4174 de
904 4111 1057 4176 Kasmmk
1070 4112 1102 4174 in
1117 4111 1192 4172 Sce-

161 4221 212 4311 pis
234 4221 393 4298 inclinati,
413 4221 497 4286 hanc
520 4221 564 4286 cis
584 4219 759 4291 libertatem
780 4222 924 4288 duximus
942 4222 1190 4288 concedendam
