2978 4754
273 419 334 494 tw
595 435 780 492 tustanus
803 441 845 492 on
866 437 977 490 suma.

273 619 332 664 nos
354 600 394 663 de
417 597 493 663 uilia
513 597 671 662 nonnum
691 597 733 662 de
755 596 936 680 quindecm
957 596 1059 660 bobus
1081 603 1113 659 et
1125 612 1301 678 cooequo,

274 709 430 774 uiolenter
450 709 579 785 ablatis,
606 709 710 772 iudice
730 707 830 790 Gyulu
859 708 959 782 benc,
980 703 1138 788 prunido
1156 704 1303 771 Sambon.

273 821 532 886 iustificatusest.
1312 833 1315 838 ’

357 930 447 1012 (187)
469 933 574 1014 Gusyd
586 933 628 994 de
643 929 719 993 uitia
728 929 812 993 Ziloc
826 927 1186 1011 impeciitconuiitunum
1197 949 1303 1004 suum,

274 1041 393 1106 scilicet
412 1043 548 1115 Forcos,
569 1043 610 1104 de
630 1039 732 1114 fusto,
753 1041 862 1102 iudice·
877 1039 1037 1121 Stephano
1055 1039 1167 1102 cunali
1187 1041 1302 1102 comite

275 1153 316 1216 de
329 1152 430 1226 Ziloc,
451 1150 600 1234 pristaido
621 1151 784 1214 Gueztiua.
815 1151 931 1215 Foroos
952 1159 1075 1233 portato
1087 1150 1181 1214 -ienno
1194 1149 1303 1215 iustifi-

275 1272 364 1328 catus
378 1271 437 1328 e'st.
1055 1301 1057 1312 ι

358 1373 445 1458 (188)
467 1375 546 1438 Uibu
561 1376 600 1438 de
615 1374 689 1437 uilla
703 1374 807 1436 Macra
829 1373 940 1456 predio
954 1371 1047 1436 Lelen
1062 1373 1204 1456 inspeciit
1218 1375 1298 1436 than

276 1495 308 1549 et
321 1489 443 1552 Danum
453 1461 465 1560 ‚x
483 1487 523 1548 de
538 1486 695 1548 occisione
709 1485 814 1549 fratris
830 1485 879 1546 sui
893 1503 951 1565 per
963 1483 1177 1559 latrocinium,
1198 1485 1296 1548 iudice

274 1599 361 1660 stika
380 1597 494 1660 comite
517 1597 556 1658 de
577 1595 708 1670 Bichor,
721 1663 723 1668 ,
737 1593 889 1677 pristaldo
909 1596 1051 1658 Annania
1072 1597 1112 1658 de
1132 1595 1207 1659 uilia
1228 1599 1296 1658 Ptin.

275 1710 331 1772 iba
352 1715 475 1789 portato
491 1706 576 1769 ierro
592 1727 649 1787 pro
664 1727 698 1769 se
714 1715 746 1769 et
760 1707 855 1770 issue
870 1727 929 1770 suo
943 1707 1033 1770 Dauo
1045 1705 1227 1770 iustificatui
1240 1711 1296 1766 est.
1349 1711 1352 1717 “

359 1816 448 1898 (tec)
468 1819 578 1880 Petrus
600 1818 640 1881 de
659 1819 738 1882 uilla
753 1819 856 1881 Cbouz
873 1827 909 1882 et
929 1819 1209 1901 conproutnculo
1229 1815 1296 1878 eius

274 1931 483 2012 impecicnuut
492 1929 623 1992 Uitaiem
639 1929 679 1992 dc
693 1931 805 1992 eudem
819 1929 893 1992 uilla
909 1947 966 2012 pro
980 1931 1074 2004 tutto,
1095 1946 1176 2013 quos
1184 1927 1297 1992 Deme·

274 2043 352 2105 ttius
367 2041 492 2104 curialis
509 2057 626 2115 comes,
640 2033 792 2123 precepto
806 2041 889 2122 regis
900 2040 1090 2114 discuciens,
1109 2057 1163 2122 pet
1174 2037 1297 2119 priost-

276 2153 349 2216 du'm
364 2152 491 2220 nominc
506 2151 620 2214 Urmau
640 2153 680 2214 de
695 2151 769 2214 uilia
783 2151 910 2233 Gyunge
924 2152 1008 2214 misit
1018 2151 1224 2222 Uomanum,
1244 2148 1297 2212 ubi

274 2265 434 2345 predictus
456 2261 563 2324 Uitaiis
583 2269 709 2343 porum
732 2263 818 2324 tenso
839 2262 979 2344 contingit
999 2261 1039 2324 od
1054 2259 1230 2332 ecetesiam,
1252 2259 1298 2321 di·

272 2391 350 2438 cena
364 2393 399 2436 se
415 2391 485 2436 esse
499 2373 706 2436 combustum.
738 2372 895 2453 predictus
909 2373 1017 2454 itaque
1031 2369 1300 2436 Uanus-uenatus

274 2484 422 2556 Uitatem,
444 2503 517 2546 cum
537 2481 635 2546 uxone
659 2503 730 2557 sua,
752 2492 784 2546 et
803 2484 926 2546 filiabus
947 2484 1077 2560 suis,ct
1091 2501 1161 2544 cuin
1177 2479 1299 2556 anciila,

274 2602 305 2657 et
316 2594 383 2656 titio
395 2594 509 2656 ancille
523 2613 597 2668 sue,
618 2601 652 2658 et
665 2613 738 2657 cum,
751 2596 837 2658 omni
852 2594 1049 2677 possessione
1064 2611 1138 2667 sua,
1159 2593 1299 2654 Lamen-

273 2707 332 2780 cio,
353 2704 419 2767 filio
434 2706 568 2768 Martini.

356 2813 447 2897 (1110)
470 2819 583 2885 Notum
599 2817 637 2880 sit
653 2816 797 2880 omuibus
813 2817 1008 2887 Christianis,
1029 2815 1199 2898 quodcum
1215 2816 1300 2878 {ioca

274 2935 306 2990 et
326 2928 431 2992 Kereu
457 2929 496 2990 de
523 2927 598 2990 uilla
613 2929 713 3001 Tura,
740 2927 923 2991 imminente
946 2927 1131 2988 necessitate
1156 2943 1300 2989 sonorem

273 3056 362 3100 suam
384 3039 549 3106 Martinam
570 3038 721 3102 in‘uadio
742 3040 921 3120 posuissent
938 3039 1024 3118 apud
1042 3037 1241 3102 sacerdotem
1259 3039 1299 3100 de

273 3151 399 3212 Barhsn
417 3149 545 3212 nomine
567 3149 698 3230 noyon
722 3169 780 3231 pso
800 3169 905 3214 marca
921 3167 1000 3222 uua,
1029 3167 1093 3210 non
1114 3147 1301 3212 habentibus

274 3261 334 3324 iiiia
353 3261 437 3324 uude
452 3279 594 3322 sonorem
610 3279 698 3321 suam
711 3259 882 3331 redimant,
904 3259 1137 3338 prenominatus
1150 3259 1301 3321 sacerdos

266 3389 332 3452 ·pro
347 3369 489 3433 semodio
504 3371 609 3433 auimo
621 3389 680 3432 sue
694 3369 813 3432 dimisit
825 3369 924 3442 iilam,
937 3375 969 3430 et
979 3369 1118 3431 debitum
1130 3367 1249 3431 dimisit
1260 3369 1300 3432 ci.

357 3477 445 3560 (191)
477 3479 622 3541 Nicotaus
648 3480 689 3542 de
713 3479 789 3544 uitis
809 3479 919 3561 Gitony
941 3480 1079 3561 inspectit
1102 3480 1301 3543 conuittancs

185 3615 189 3628 ·
273 3593 370 3664 suos,
386 3591 520 3654 scilicet:
548 3591 751 3664 nictantem,
780 3593 904 3664 Tenen„
927 3591 1027 3653 curat
1047 3598 1079 3653 et
1095 3591 1232 3665 Menam,
1259 3591 1301 3653 tie

274 3703 431 3765 occisione
453 3703 509 3764 fiiii
532 3703 596 3777 sui,
619 3723 697 3784 quos
718 3704 867 3766 Martinus
887 3723 1006 3776 comes,
1039 3723 1096 3782 per
1117 3703 1303 3785 prissanum

271 3813 401 3879 nomine
410 3814 532 3877 Scadcu
547 3815 631 3878 misit
642 3813 831 3879 Uatadiuum
846 3815 886 3876 ad
897 3829 1031 3877 examen
1041 3813 1117 3884 femi
1128 3813 1302 3888 candentis,

272 3926 329 3987 uhi
340 3926 553 4007 prenominati
564 3926 612 3987 roi
626 3927 666 3989 de
680 3925 850 3988 homicidio
862 3933 935 3989 sunt
948 3919 1096 3988 consueti.
1225 3965 1228 3972 ·

268 4068 272 4084 ·
337 4037 338 4042 ’
357 4034 447 4116 (ton)
469 4037 555 4112 texo
570 4033 725 4098 lsmatiiita
744 4035 786 4096 de
800 4037 863 4116 Nyr
875 4035 1016 4117 impociit
1033 4029 1302 4118 uilionosCegum

179 4178 183 4184 ·
273 4167 332 4228 pro
347 4145 662 4218 marcisuuodcoim,¹
677 4146 857 4213 Alexandro
877 4148 992 4210 comite
1006 4148 1110 4210 iudico
1124 4167 1142 4209 a
1156 4167 1231 4230 rege
1246 4148 1303 4210 tie·

234 4354 239 4370 ,
273 4258 389 4340 iegato,
415 4261 471 4342 qui
489 4279 547 4341 per
559 4258 745 4340 pantaleon
757 4260 892 4324 nominc
898 4257 1095 4344 Stephanum
1110 4259 1304 4330 Umndiuum
