2920 4758
293 419 354 484 iil
499 433 650 484 currum
669 437 758 484 racis
778 437 840 484 corr
861 437 1002 486 vsnsrrs.
1029 419 1119 484 rust.

293 594 513 676 qualecunque
536 610 635 674 genus
658 591 776 656 metalli
799 593 953 674 querendi
977 611 1033 656 seu
1057 593 1166 656 utendi
1190 573 1323 658 liberam

293 705 455 768 habebunt
469 701 659 768 facultatem.

376 819 453 892 (13)
479 818 556 880 ltem
580 817 656 880 feria
682 818 820 880 secunda
845 817 977 880 liberum
1002 817 1107 882 iorum
1130 818 1177 880 eis
1201 826 1233 880 et
1254 818 1321 880 aliis

293 929 438 994 omuibus
452 928 521 992 lieri
537 929 736 1012 permisimus
750 931 833 992 inter
846 930 942 1012 ipsos.

376 1041 414 1104 Ut
428 1041 522 1123 igilur
534 1041 594 1104 heo
609 1041 735 1104 libertas
750 1042 847 1104 robur
862 1041 977 1104 habeat
991 1049 1145 1124 perpetue
1159 1041 1318 1114 firmicus,

293 1162 325 1218 et
338 1175 378 1216 ne
389 1173 539 1236 processu
552 1152 701 1235 temporis
714 1171 768 1234 per
779 1153 958 1235 quempiam
969 1161 1187 1222 successorum
1198 1160 1318 1217 nostro-

292 1273 362 1328 ru'm
377 1283 505 1349 quoquo
521 1267 615 1328 modo
630 1265 736 1328 ualeat
750 1265 864 1328 irritari
885 1284 942 1328 seu
962 1263 1139 1338 retractari,
1162 1272 1316 1345 presentes
1442 1327 1445 1362 ἢ

293 1376 506 1440 concessimus
521 1376 636 1450 literas,
648 1374 748 1439 nostri
761 1374 855 1457 sigilli
868 1383 899 1437 et
914 1375 1044 1438 fratrum
1059 1382 1236 1438 nostrorum
1251 1395 1317 1436 mu·

292 1488 410 1552 nimine
425 1489 598 1552 roboratas.
623 1489 736 1552 Datum
753 1507 835 1552 anno
850 1485 968 1550 domini
982 1485 1063 1549 MCC
1080 1487 1315 1570 quadragesimo
1444 1563 1445 1570 ἵ

293 1601 401 1666 tercio.

638 1845 981 1876 'zm—''2²''-

638 2079 752 2162 llllll!
774 2077 829 2162 IV.
854 2077 975 2160 lllllllS

535 2241 854 2330 GAPlTULA
893 2242 1079 2328 Pacis

290 2417 414 2490 nuci
449 2417 519 2487 nr
555 2412 932 2486 conruununarr
972 2408 1331 2482 vnunrmuunr
1442 2413 1444 2442 1

475 2556 707 2618 lUllAMENTO
729 2555 915 2617 FlRMATA.
944 2555 1136 2617 MCCXLIV.

575 2695 598 2748 Ε
628 2696 711 2764 pactis
731 2697 886 2748 Venetorum
911 2697 932 2748 Ι.
977 2695 1033 2748 338.

705 2848 903 2864 m

373 2958 435 3020 Nos
450 2956 537 3020 Bella
559 2955 610 3019 dei
625 2955 731 3038 grania
745 2976 802 3018 rex
815 2955 977 3037 Huugarie
995 2963 1107 3019 tenore
1122 2959 1316 3039 presencium

290 3069 368 3133 scire
391 3069 535 3132 uolumus
558 3069 735 3142 uniuersos,
757 3051 842 3148 quod
862 3068 938 3130 uiris
959 3067 1116 3130 nobilibus
1133 3077 1164 3131 et
1178 3069 1317 3132 discretis

290 3181 448 3272 Stephano
464 3179 633 3242 iustiniano
653 3187 683 3240 et
698 3179 791 3240 Petro
806 3177 966 3252 nandulo,
987 3177 1110 3240 nunciis
1126 3185 1157 3240 et
1171 3199 1317 3260 procura-

289 3293 409 3354 toribus
433 3290 538 3353 dilecti
560 3289 650 3350 amici
673 3289 772 3350 nostri
788 3289 893 3351 Iacchi
909 3289 1064 3371 Theopuli
1080 3289 1214 3352 illustris
1231 3291 1314 3352 ducis

289 3403 502 3474 Venetorum,
524 3399 722 3480 promisimus
742 3399 868 3462 nomine
892 3399 966 3462 dicti
988 3401 1075 3463 ducis
1101 3409 1131 3463 et
1146 3403 1317 3463 communi

289 3514 360 3576 tetis
382 3512 590 3574 Veneriorum
616 3510 792 3572 iuramento
818 3509 1023 3592 corporaliter
1047 3511 1197 3592 prestito,
1229 3511 1316 3574 tactis

289 3625 402 3697 sacris,
425 3624 510 3704 quod
533 3621 682 3684 uniuersa
701 3631 732 3684 et
753 3621 876 3704 singula
898 3623 1033 3704 capitula
1051 3622 1249 3704 infrascripta
1265 3625 1317 3687 ob*

289 3734 486 3798 seruabimus
502 3743 534 3798 et
548 3736 745 3797 attendemus
756 3755 758 3760 ·
768 3735 850 3795 bona
864 3734 928 3797 lide
943 3743 974 3796 el
988 3736 1055 3797 sine
1071 3735 1183 3798 fraude
1199 3736 1315 3817 absque

288 3846 353 3908 ullo
375 3847 457 3908 malo
480 3846 617 3928 ingenio,
639 3853 670 3908 et
691 3845 853 3908 obseruari
875 3845 1022 3908 anostris
1036 3845 1260 3909 inuiolabiliter
1274 3845 1316 3908 la-

289 3957 418 4019 eiemus.

371 4071 429 4146 (1)
451 4068 602 4132 Uidelicet
623 4070 708 4150 quod
733 4069 817 4132 dicto
842 4069 915 4132 duci
940 4075 971 4132 et
992 4069 1056 4132 suis
1081 4069 1315 4132 successorihus

288 4199 415 4256 ueram,
436 4179 559 4244 firmam
584 4187 615 4244 et
633 4187 820 4264 perpetuam
839 4199 952 4266 pacem
974 4190 1006 4245 et
1020 4177 1192 4245 amiciciam
1212 4181 1314 4246 obser-

287 4293 444 4360 nubimus.
