2904 4754
205 1087 366 1170 BELAE
393 1087 458 1163 lv.
484 1087 641 1166 anffls
671 1087 804 1165 111th
829 1087 1141 1168 lUDAEORUM.

608 1245 742 1309 neem.

447 1415 470 1466 lt
488 1417 631 1466 transumto
649 1413 752 1464 troanie
769 1415 790 1466 Ι.
810 1414 890 1480 regis.

644 1548 650 1556 n

573 1569 770 1582 -ι--ι-

238 1674 315 1736 Boia
333 1673 383 1736 dei
398 1673 502 1756 gracia
516 1673 693 1756 Hungarie,
713 1674 888 1748 Dalmaeie,
909 1673 1057 1752 Croaeie,
1078 1677 1187 1754 Rame,

151 1786 282 1858 Seruio,
308 1785 454 1858 Gallieie,
480 1782 671 1848 Lodomerie
701 1785 916 1868 Comanieqae
938 1806 1009 1860 rex,
1041 1788 1186 1852 omnihus

151 1895 270 1962 Christi
291 1897 436 1959 fidelihus
461 1904 623 1978 presentes
645 1897 751 1960 literas
770 1897 974 1980 inspecturis,
1000 1899 1133 1962 salntem
1152 1901 1185 1963 in

151 2010 295 2072 omnium
309 2009 475 2072 saluatore.

238 2120 343 2194 Quum
358 2119 610 2200 ,uniuscuiusque
635 2118 829 2182 condicionis
851 2119 997 2182 homines
1018 2119 1052 2181 in
1074 2129 1182 2184 nostro

149 2251 252 2315 regno
263 2238 493 2294 commorantes
507 2227 653 2292 uolumus
669 2230 774 2310 gracie
787 2237 817 2291 et
830 2227 1059 2292 beneuoleneie
1075 2239 1181 2294 nostre

145 2343 394 2427 percipieneiam
415 2340 574 2416 inuenire,
595 2341 699 2404 Iudeis
719 2341 876 2404 uniuersis
897 2341 929 2402 in
950 2361 1050 2423 regno
1072 2349 1180 2406 nostro

146 2453 326 2516 constitutis
347 2453 408 2516 hec
428 2452 497 2515 iura
512 2451 726 2514 ordinauimus
743 2452 821 2534 ipsis
838 2452 1059 2516 inuiolabiliter
1072 2454 1181 2518 obser-

146 2567 264 2628 nanda

232 2673 279 2758 (1)
301 2675 470 2738 Statuinrus
490 2676 596 2758 itaque
618 2676 734 2758 primo:
757 2683 793 2739 ut
806 2696 865 2760 pro
881 2677 1015 2757 pecunia
1034 2699 1053 2742 a
1071 2680 1179 2742 mobili

145 2795 201 2850 ant
215 2807 274 2868 pro
289 2807 323 2850 re
337 2785 507 2862 immobili,
528 2794 582 2850 aut
601 2785 633 2848 in
648 2806 745 2850 eausa
759 2787 978 2868 querimoniali
997 2811 1059 2871 que
1080 2791 1180 2872 tangit

143 2917 317 2980 personam
332 2905 448 2965 autres
464 2898 568 2972 iudei,
585 2898 690 2962 nullus
702 2897 897 2960 Christianus
913 2908 1022 2962 centra
1036 2899 1177 2973 maleum,

143 3011 204 3074 nisi
228 3030 299 3072 eum
319 3009 497 3072 Christiano
522 3017 554 3074 et
575 3009 673 3072 ludeo
699 3009 732 3070 in
754 3009 965 3072 testimonium
987 3011 1178 3084 admittatur,

144 3123 206 3186 nisi
222 3122 340 3187 factum
356 3122 436 3186 adeo
451 3123 491 3186 sit
506 3122 665 3184 notorium
685 3128 716 3184 et
730 3120 930 3184 manifestum
950 3121 1031 3184 utin
1046 3121 1176 3185 dubium

137 3241 285 3317 nequeat
299 3233 459 3308 reuocari,
482 3243 513 3297 et
530 3233 614 3296 nulla
632 3241 724 3318 egeat
733 3232 937 3316 probacione.
959 3242 991 3296 et
1002 3233 1176 3298 istudtem-

143 3355 365 3430 potamentum
385 3345 416 3408 in
433 3344 574 3430 quolibet
596 3346 730 3428 capitulo
745 3345 838 3408 huius
853 3345 1013 3430 priuilegii.
1029 3346 1175 3410 uolumus

144 3457 319 3528 obseruari.

228 3565 275 3652 (2)
297 3569 374 3632 Item
388 3569 415 3630 si
427 3569 622 3632 Christianus
635 3569 766 3634 iudeum
782 3569 915 3652 impetit,
928 3589 1073 3638 asserens
1088 3571 1173 3651 quod

145 3681 175 3743 ei
188 3665 249 3744 ¹sun
262 3681 394 3762 pignora
409 3681 575 3762 obligauit,
598 3689 630 3743 et
643 3682 758 3742 ludens
778 3680 840 3742 hoc
854 3679 1023 3755 diffidatur,
1044 3681 1071 3742 si
1084 3681 1175 3742 Chri·

142 3793 261 3856 stianus
276 3793 364 3855 ludei
384 3793 517 3874 simplici
537 3793 636 3856 uerbo
656 3792 752 3856 fidem
767 3790 918 3854 adhihere
941 3791 1094 3864 noluerit,
1121 3793 1173 3854 lu-

142 3904 222 3967 dens
236 3904 370 3966 iurando
389 3903 606 3989 equiualenter
620 3901 833 3986 sibiebligato
848 3921 939 3966 suam
958 3901 1172 3966 intencionem

140 4015 305 4097 probabit,
325 4022 357 4078 et
371 4015 502 4080 transiet
515 4013 688 4080 absolutus.

224 4123 275 4210 (3)
294 4129 373 4193 Item
387 4128 414 4190 si
423 4124 618 4192 Christianus
634 4125 821 4210 obligauerit
834 4127 949 4212 pignus
959 4126 1068 4200 ludeo,
1085 4122 1171 4186 affir-

140 4241 257 4316 mando
272 4241 359 4334 quod
378 4240 476 4308 ludeo
490 4261 549 4332 pro
564 4241 679 4311 minori
695 4239 880 4328 obligarent
894 4258 990 4324 (luam
1005 4237 1101 4318 dieat,
1122 4235 1171 4305 iu·

873 4351 920 4432 ,31
