2904 4754
274 431 335 498 516
464 449 605 498 01101111
626 447 770 498 00110111
792 449 981 496 munimus
1018 431 1106 497 11117.

358 603 401 687 (9)
423 605 548 669 Nullum
563 606 596 668 in
611 605 755 670 abbatem
769 605 829 670 nisi
844 605 1033 670 monachum
1048 606 1218 670 assumatis.

358 715 424 798 (10)
446 715 570 779 Nullum
591 715 846 780 archidiaconum
865 714 919 778 uel
938 715 1106 790 decenum,
1127 715 1180 778 uei
1201 715 1299 778 archi·

275 829 511 912 presbyterum,
533 827 584 890 uel
605 826 816 910 prepositum,
838 826 890 889 uel
910 826 1055 890 abbatem
1069 827 1109 890 de
1124 845 1188 888 uus
1201 827 1298 908 digui-

276 948 340 1002 1110
361 939 400 1001 ad
421 939 528 1012 eiiam,
549 937 601 1000 uel
615 939 655 1000 de
670 937 737 1020 ipsa
752 937 792 999 ad
808 938 942 1000 eandem
962 936 995 1000 in
1012 937 1118 1000 locum
1133 938 1228 1000 alium
1241 938 1298 1000 nisi

277 1049 427 1112 canonice
443 1047 652 1124 transferatis,
673 1057 705 1112 et
720 1047 840 1112 nulium
857 1047 1110 1132 supradictorum
1133 1049 1194 1112 nisi
1209 1067 1299 1112 cano-

276 1161 346 1224 nice
361 1159 534 1242 deponatis.

360 1269 428 1354 (11)
449 1269 572 1334 Nullum
594 1279 759 1336 uxoratum
780 1271 813 1334 in
828 1270 1047 1354 presbyterum
1066 1269 1120 1332 uei
1135 1271 1300 1334 diaconum

276 1383 329 1448 uel
343 1383 569 1448 subdiaconum
586 1383 807 1464 promoneatis,
829 1383 889 1445 nisi
904 1381 955 1465 qui
972 1402 1012 1444 ex
1026 1401 1183 1446 consensu
1199 1383 1299 1450 uxoris

277 1515 311 1558 se
333 1493 489 1558 uicturum
504 1499 589 1556 caste
608 1491 738 1556 firmiter
755 1474 958 1574 promiserit,
971 1500 1002 1556 et
1022 1513 1155 1564 uxorem
1176 1494 1301 1556 1100111-

276 1606 432 1670 bitacioue
452 1605 636 1678 remouerit,
658 1611 689 1666 et
704 1604 806 1668 eidem
827 1603 1005 1667 necessaria
1018 1604 1191 1668 secundum
1206 1603 1300 1668 fecul-

277 1723 372 1779 tstem
386 1735 475 1778 suam
491 1715 672 1796 prodiderit.

362 1823 431 1906 (tr)
452 1825 710 1906 Presbyterorum
729 1825 809 1888 iiiios
832 1827 872 1888 ad
888 1845 995 1888 sacros
1009 1827 1137 1890 ordines
1153 1825 1301 1890 accedere

276 1921 455 2000 nuliatenus
472 1935 669 2018 permittatis,
691 1936 750 1998 nisi
765 1945 819 2000 aut
831 1937 864 2000 in
879 1937 1018 2002 cenobiis
1032 1948 1084 2004 aut
1099 1939 1131 2000 iu
1147 1948 1300 2004 monaste·

162 2103 185 2113 ..
244 2105 247 2111 ,
277 2049 341 2112 riis.

362 2157 430 2240 (13)
451 2159 577 2221 Alienos
600 2157 748 2233 clericos,
778 2176 858 2241 quos
877 2160 945 2222 sine
968 2162 1235 2224 commendaticiis
1255 2161 1299 2226 iit·

278 2272 352 2336 teris
372 2271 568 2354 suscepistis,
589 2271 622 2332 in
643 2269 873 2352 episcopatibus
894 2271 1009 2334 uestris
1026 2271 1204 2336 nuliatenus
1224 2273 1298 2336 tole·

277 2383 363 2457 retis,
385 2383 477 2446 etde
499 2387 606 2443 cetero
628 2401 689 2443 nec
709 2399 763 2444 eos
784 2375 941 2446 necetius
962 2383 1028 2446 sine
1048 2383 1190 2446 formatis
1203 2383 1297 2446 literis

278 2493 456 2566 admittatis,
479 2501 509 2554 et
524 2511 604 2574 quos
620 2491 659 2553 de
673 2491 722 2554 his
738 2500 895 2574 apostatas
914 2513 985 2558 esse
999 2493 1187 2569 eonstiterit,
1200 2511 1298 2557 ‘exco-

278 2603 451 2666 municetos
475 2601 627 2677 habeatis,
660 2611 691 2665 et
714 2603 878 2686 prepositis
903 2605 967 2667 suis
991 2623 1046 2694 eos
1070 2605 1296 2687 requirentibus

276 2713 425 2778 reddatis.
462 2787 464 2790 ¹

360 2819 427 2906 (11)
448 2824 571 2886 Nullum
587 2825 814 2888 subdiaconum
836 2825 888 2888 uel
903 2825 1085 2900 diaconum,
1106 2827 1297 2908 1101010111)-

275 2947 394 3012 terum,
415 2937 475 3000 uisi
489 2937 528 3000 ad
544 2947 663 3000 certum
677 2937 801 3000 titulum
812 2937 973 3012 ordinetiS,
990 2937 1112 3000 nuilum
1126 2959 1254 3000 seruum
1263 2939 1296 3002 in

275 3049 425 3113 clericum
441 3047 600 3123 ordinetis,
621 3047 680 3110 uisi
695 3048 839 3110 domiuus
854 3049 921 3111 eius
936 3069 1008 3112 eum
1023 3049 1254 3124 manumiserit,
1268 3057 1296 3112 ut

276 3159 316 3222 de
331 3168 436 3222 cetero
452 3179 490 3220 ex
506 3165 570 3220 toto
585 3157 709 3220 nibiiiu
724 3179 762 3221 eo
776 3158 852 3221 iuris
869 3159 994 3224 haheat.
1014 3205 1015 3208 ,
1252 3228 1254 3231 .

358 3266 429 3350 (15)
443 3270 595 3351 Bygamos
609 3269 776 3331 uiduarum
790 3270 842 3333 uel
854 3271 1105 3351 repudiatarum,
1126 3290 1182 3332 sen
1199 3291 1296 3334 mere·

274 3379 386 3442 tricum
400 3375 451 3439 ue'i
467 3376 700 3456 prostitutarum
716 3379 845 3440 maritos
859 3379 898 3441 ab
913 3382 997 3442 omni
1008 3379 1218 3444 ecclesiastica
1232 3369 1295 3462 dig-

276 3485 592 3567 nitatedeponimus,
619 3495 650 3549 et
672 3487 833 3551 beneficiis
857 3489 1074 3552 ecciesiasticis
1097 3492 1131 3552 in
1156 3500 1295 3554 eternum

276 3597 447 3680 priuamus.
1029 3595 1030 3600 ’

358 3705 424 3788 (16)
446 3707 692 3770 Concubinarios
706 3708 847 3789 publicos
862 3711 902 3772 ab
912 3706 1016 3774 officio
1029 3731 1087 3774 suo
1102 3711 1297 3792 deponimus,

277 3825 310 3880 et
322 3815 475 3878 beneficia
490 3817 534 3878 eis
550 3816 759 3882 ecclesiastica
773 3818 998 3896 interdicimus,
1019 3823 1077 3884 hac
1090 3833 1195 3886 tamen
1211 3822 1296 3885 nobis

276 3933 429 4009 potestate
450 3925 585 4001 indulta,
613 3935 648 3989 ut
669 3928 695 3989 si
716 3927 905 4018 condignam
924 3931 1045 4012 egerint
1071 3934 1296 4014 penitenciam,

278 4045 309 4100 et
321 4035 412 4098 uobis
424 4034 595 4109 uidebitur,
617 4035 793 4100 ministrare
808 4057 862 4100 eos
877 4039 992 4103 iterum
1006 4039 1135 4104 faciatis.

358 4141 424 4226 (17)
444 4127 648 4227 Presbyteros
670 4145 723 4209 uel
742 4147 893 4210 diaconos
911 4158 1071 4225 uxoratos,
1093 4151 1146 4242 qui
1161 4159 1234 4216 ante
1249 4173 1296 4216 ac-

277 4264 386 4340 coptos
409 4254 535 4320 ordines
557 4255 610 4320 uei
627 4262 736 4341 postea
751 4263 869 4322 uxores
890 4268 1102 4344 acceperunt,
1136 4257 1176 4326 ¹ab
1195 4262 1296 4328 altaris
