2904 4754
279 401 429 450 arannrus
443 401 600 450 nosrrrora
614 399 703 450 notu
718 399 815 448 vinnm
830 403 861 449 rr
875 399 983 450 eunio.
1006 380 1095 450 1151.
1141 379 1199 450 lar

254 560 311 634 (7)
337 558 402 621 Fur
424 564 529 620 autum
559 564 591 620 et
616 556 841 639 calumpniator
865 555 1063 631 manifestus,
1095 563 1202 620 contra

168 689 267 752 quem
281 669 455 730 eommunis
470 669 604 750 populus
621 667 741 732 iaceret
754 669 984 744 testimonium,
1005 667 1114 732 ablatis
1134 689 1202 732 om·

167 781 274 855 nibus,
295 801 357 864 que
375 780 487 856 habet,
508 782 548 843 de
563 781 638 844 uilla
652 781 837 862 expellatur,
859 801 930 844 oum
944 782 1077 863 pudore.

253 893 311 968 (8)
331 893 528 956 mordentes
543 899 649 956 autem
663 891 730 955 sine
744 892 914 957 heredibus
928 893 1035 956 omnia
1046 893 1131 954 bona
1144 911 1202 956 sua

166 1005 361 1087 relinquant,
382 1004 558 1084 cuicunque
574 1002 685 1066 uolunt
698 1003 872 1088 retinenda.

254 1117 314 1190 (9)
335 1115 399 1196 lpsi
420 1113 519 1178 eriam
540 1103 626 1176 ciues
648 1115 688 1176 ad
703 1114 874 1176 exereitum
895 1115 967 1178 bani
986 1115 1134 1199 autregis
1149 1123 1203 1178 ant

160 1227 348 1300 ,iudicissni
366 1227 414 1288 ire
435 1243 500 1290 non
521 1227 722 1300 tenebuntur,
742 1245 802 1304 neo
816 1225 908 1291 aliani
926 1226 1067 1309 ipsorum
1080 1225 1134 1292 uie
1145 1227 1202 1292 ‹lo-

169 1357 294 1400 morum
309 1357 452 1411 suarum,
473 1357 534 1399 nec
555 1336 704 1400 afamilia
718 1346 841 1410 nostra,
863 1357 966 1420 neque
983 1339 1021 1402 ab
1036 1339 1104 1400 aliis
1121 1337 1203 1400 inle-

168 1459 266 1526 ratnr,
287 1449 343 1512 sed
356 1436 451 1531 (luem
467 1449 577 1511 nolunt
590 1449 732 1529 hospicio
747 1449 901 1530 recipiant
915 1450 1102 1512 noluntarie.

253 1561 331 1634 (10)
353 1561 502 1622 Preterea
516 1557 615 1620 maior
629 1557 720 1632 uille,
742 1559 888 1622 reuoluto
904 1579 986 1622 anno
1001 1559 1202 1624 uillioaoionis

169 1691 245 1745 sue,
266 1691 354 1734 suam
369 1672 482 1734 debeat
502 1691 658 1751 reponere
675 1668 918 1744 uillioaoionem,
941 1679 973 1734 et
986 1671 1012 1732 si
1027 1672 1201 1734 eommunis

167 1782 311 1864 populus·
326 1781 477 1855 uoluerit,
507 1781 610 1843 eidem
632 1779 787 1844 uillieauio
810 1781 999 1858 conferatur,
1027 1781 1201 1848 sinautem

169 1894 274 1968 alteri,
296 1893 345 1955 ani
358 1893 509 1966 noluerit,
530 1893 599 1972 ipsa
614 1892 975 1958 conferatur'uillioaoio.
996 1935 997 1940 κ
1025 1899 1028 1907 ’

252 2006 331 2080 (11)
354 2003 387 2064 Si
408 2003 477 2086 quis
497 2003 592 2085 igitur
609 2005 654 2066 ad
675 2004 777 2085 ipsam
797 2004 902 2068 uillam
925 2005 1034 2069 uenire
1049 2005 1203 2076 uoluerit,

165 2117 268 2180 libore
287 2115 404 2178 ueniat.
431 2116 589 2178 recedant.
604 2116 703 2178 eciam
718 2136 847 2191 secure,
867 2117 1005 2180 uenditis
1019 2117 1110 2180 bonis
1125 2116 1203 2188 suis,

167 2228 223 2312 qui
234 2228 387 2292 recedere
403 2225 513 2288 uolunt
527 2227 568 2288 ab
583 2225 706 2290 eadem.
760 2229 763 2234 “

251 2335 329 2413 (11)
351 2337 501 2400 Uolomus
528 2337 629 2400 eniam
655 2337 741 2420 qnod
766 2336 908 2400 homines
937 2337 991 2419 qui
1014 2337 1203 2404 marturinae

167 2450 294 2516 soluere
308 2448 427 2522 solent,
448 2447 488 2512 ad
502 2449 603 2531 ipsam
618 2449 724 2511 uillam
738 2468 801 2511 non
816 2450 1016 2530 recipiantur.

251 2562 330 2636 (13)
352 2561 429 2624 ltem
445 2581 542 2641 snper
557 2579 652 2623 causa
667 2561 864 2642 pecuniaria,
884 2563 910 2624 si
926 2563 995 2645 quis
1009 2564 1202 2641 eonuieetor,

156 2673 375 2755 quadraginta
391 2672 538 2736 denarios
554 2691 612 2752 pro
626 2670 742 2734 iudicio
758 2671 881 2735 soluere
896 2674 1066 2738 tenebitur.

250 2769 330 2860 (ll)
351 2784 499 2844 Preterea
513 2781 572 2862 ipsi
587 2781 673 2844 ciues
686 2781 838 2843 tributum
861 2781 892 2843 in
912 2783 981 2845 foro
996 2803 1061 2846 non
1072 2784 1201 2848 soluent

166 2897 207 2960 tle
222 2897 287 2960 sois
302 2894 524 2958 mercimoniis.

251 3009 331 3082 (15)
353 2993 587 3088 assignarimus
603 3005 702 3068 eciam
718 3012 833 3068 terram
849 3003 969 3066 eisdem
985 3005 1024 3066 de
1039 3003 1201 3086 superiore

166 3117 258 3202 parte
280 3116 354 3180 uille
369 3115 551 3189 Crisiensis,
573 3136 667 3197 qnam
692 3133 749 3176 nos
775 3113 980 3196 personaliter
1000 3115 1202 3195 inspeximus,

167 3249 227 3312 per
246 3228 415 3308 Georgium
440 3227 587 3301 comitem
609 3226 796 3288 Crisiensem
821 3233 915 3306 atque
938 3223 1079 3288 Prelsam
1102 3233 1202 3288 terre-

169 3347 266 3402 strem
281 3336 398 3400 metari
406 3337 568 3400 facientes.

253 3450 291 3512 Ut
312 3457 416 3512 autem
438 3447 531 3512 huius
551 3447 626 3510 uille
651 3445 777 3510 libertas
796 3447 983 3510 inconcussa
1002 3455 1202 3527 permaneat,

168 3560 291 3624 litteras
307 3565 471 3640 presentes
486 3559 631 3623 duximus
646 3558 766 3620 eisdem
782 3557 1014 3620 concedendas.
1050 3558 1156 3620 datum
1169 3558 1202 3618 in

170 3672 251 3736 festo
274 3669 375 3733 saneti
396 3670 531 3751 Georgii.
559 3687 643 3732 anno
662 3669 780 3733 domini
802 3667 967 3730 millesimo
987 3667 1202 3732 ducentesimo

170 3781 433 3866 quinquagesimo
447 3781 598 3842 seeundo.

514 4089 853 4122 mm
