2904 4754
262 403 323 472 iffi
363 421 661 472 mutuarum
675 419 825 472 usserat
839 417 1068 472 remuneras.
1104 403 1196 469 tert.

345 577 403 652 (1))
425 575 569 642 dedimus
582 575 711 660 insuper
721 576 798 658 ipsis
807 573 984 658 hospitibus
994 575 1110 639 nostris
1120 575 1300 657 quamdam

261 705 394 754 umnam
408 696 539 764 terram,
559 687 743 752 monasterii
759 685 910 770 Zerpbel,
932 685 1129 756 'ferendoiul-
1145 695 1300 770 uocatam

260 800 348 866 iusta
370 800 490 866 liobam
513 799 713 872 existentem,
744 817 816 860 cum
836 796 981 860 omnibus
1004 797 1188 865 utilitatibus
1214 799 1298 872 suis,

260 911 318 984 ita,
339 918 374 973 ut
393 911 434 972 de
454 911 593 992 ipsorum
615 909 719 974 medio
738 909 946 992 mabgnorum
969 909 1131 972 cauillacio
1146 919 1298 992 ampute-

259 1031 320 1096 tur,
341 1023 494 1106 quosdam
509 1022 643 1104 populos
657 1021 751 1086 castri
766 1020 935 1086 lauriensis
948 1021 1090 1104 quinque
1111 1022 1296 1104 ponderum

208 1161 212 1167 ·
260 1133 469 1208 solucionem,
492 1141 524 1198 et
538 1134 690 1216 quosdam
712 1132 847 1216 populos
861 1131 965 1196 castri
982 1129 1202 1214 Zolga-Geur,
1229 1133 1297 1196 bo·

258 1245 367 1328 apites,
392 1253 423 1308 et
443 1245 622 1308 mansiones
643 1243 797 1328 regalium
818 1243 1068 1318 tauernicorum,
1100 1244 1233 1326 populos
1257 1251 1295 1306 et

258 1357 485 1422 cruciferorum
506 1357 617 1420 domus
641 1353 803 1438 hospitalis
826 1375 851 1418 s.
866 1354 1008 1430 loannis,
1029 1374 1087 1418 nec
1107 1375 1171 1418 non
1184 1364 1219 1420 et
1231 1377 1295 1438 po·

258 1469 350 1554 pulos
365 1470 404 1534 de
418 1470 489 1534 uico
503 1490 528 1532 s.
539 1467 715 1541 bdalberti,
737 1487 773 1530 ae
788 1467 865 1532 alios
881 1466 981 1530 eciam
995 1467 1130 1550 populos
1144 1487 1292 1552 commu·

257 1602 332 1658 nes,
353 1581 568 1664 cuiuscunque
583 1579 789 1652 condicionis,
810 1579 865 1662 qui
879 1579 961 1644 inter
974 1579 1060 1662 ipsos
1073 1579 1215 1664 hospites
1229 1601 1291 1642 no-

258 1701 339 1757 stros
360 1693 556 1766 residebant,
581 1689 699 1754 eisdem
720 1689 897 1770 hospitibus
920 1689 1035 1754 nostris
1056 1691 1290 1766 coniunximus,

256 1806 301 1872 ita
321 1805 407 1888 quod
428 1805 468 1866 de
483 1811 589 1866 cetero
603 1802 733 1884 pristine
747 1801 941 1866 condicionis
963 1801 1104 1884 ipsorum
1121 1803 1289 1864 immemo-

256 1935 319 1989 res,
339 1915 454 1998 inipso
469 1921 570 1976 castro
583 1913 756 1988 resideant,
778 1921 810 1978 et
830 1913 920 1980 nobis
943 1913 974 1977 iu
993 1913 1136 1978 libertate
1160 1933 1287 1976 eorum-

257 2027 329 2110 dem
344 2026 502 2108 hospitum
517 2031 694 2088 nostrorum
708 2022 829 2086 seruire
845 2032 1020 2091 tencantur.

342 2138 420 2212 (10)
441 2135 604 2200 statuimus
623 2135 721 2198 eciam
735 2135 821 2216 quod
837 2154 948 2199 omnes
970 2143 1161 2198 mercatores
1179 2126 1284 2219 'usque

253 2249 412 2316 Austriam
433 2249 465 2310 in
484 2247 677 2330 Hungariam
698 2245 938 2319 descendentes,
951 2254 992 2308 -et
1010 2247 1050 2311 de
1069 2246 1231 2328 liungnn‘a
1251 2248 1284 2310 in

254 2360 412 2425 austriam
434 2365 648 2430 transeuntes,
670 2356 875 2420 mercimonia
892 2376 949 2420 sua
963 2357 995 2418 iu
1009 2365 1110 2422 castro
1124 2358 1286 2440 deponant
1339 2411 1344 2427 .

253 2469 406 2534 lauriensi
421 2471 461 2532 ad
477 2467 691 2530 concambium
707 2467 897 2531 faciendum.
1003 2446 1023 2522 ἠ

337 2581 416 2654 (11)
437 2578 601 2640 statuimus
614 2575 746 2658 iusuper
758 2578 843 2660 quod
864 2576 968 2640 nullus
986 2578 1140 2642 baronum
1159 2588 1284 2642 nostro-

253 2709 322 2752 rum
338 2689 507 2752 descensus
522 2707 617 2770 super
630 2687 715 2769 ipsos
730 2688 835 2752 lacere
851 2690 966 2752 audeat
979 2691 1031 2753 nel
1046 2699 1216 2772 presumat

316 2839 318 2846 ,
335 2803 414 2878 (ta)
425 2801 538 2872 ,adhuc
549 2801 624 2884 quia
640 2808 805 2884 paupertas
820 2801 961 2884 ipsorum
972 2802 1128 2883 hospitum
1142 2803 1283 2866 laurien-

252 2915 333 2984 sium
357 2913 446 2979 nobis
467 2912 604 2975 constitit
624 2912 798 2985 euidenter,
821 2912 860 2977 de
877 2911 1020 2986 libertate
1035 2913 1148 2974 ciuium
1165 2913 1281 2976 Alben-

252 3029 333 3093 sium
347 3028 407 3090 boc
421 3025 520 3091 solum
536 3025 719 3106 excipimus,
740 3024 825 3108 quod
840 3023 1003 3086 nobiscum
1024 3024 1075 3087 uel
1090 3039 1161 3086 cum
1175 3025 1281 3107 aliquo

253 3138 315 3200 alio
329 3138 447 3200 barone
463 3144 569 3198 nostro
585 3135 779 3198 exercituare
792 3133 971 3200 nullatenus
985 3144 1160 3198 teneantur.

335 3249 414 3322 (13)
434 3246 646 3308 concessimus
666 3245 795 3326 insuper
816 3254 847 3308 et
869 3244 1000 3326 prouide
1024 3246 1171 3309 duximus
1194 3246 1279 3310 ordi-

251 3357 409 3429 nandum,
440 3364 475 3418 ut
494 3354 595 3418 omnis
618 3356 832 3418 controuersia
854 3356 893 3418 do
913 3375 1025 3421 eorum
1047 3355 1150 3420 medio
1172 3357 1278 3420 exclu-

253 3469 353 3548 datur,
374 3475 499 3557 portum
514 3483 572 3547 pro
587 3485 621 3528 se
635 3465 791 3542 babeant,
813 3476 844 3530 et
867 3468 982 3530 babere
1003 3467 1124 3550 possint
1144 3467 1278 3530 liberum

251 3582 284 3658 in
304 3579 458 3642 Danubio.

332 3698 366 3752 ut
389 3688 484 3770 igitur
505 3687 565 3752 bec
590 3688 750 3753 ordinacio
776 3709 834 3770 per
857 3710 914 3754 nos
940 3691 1171 3754 racionabiliter
1194 3690 1278 3752 lacta

248 3799 347 3866 robur
363 3798 502 3862 obtineat
523 3809 677 3882 perpetue
698 3798 863 3874 firmitatis,
885 3799 991 3864 necin
1007 3809 1169 3882 posterum
1185 3819 1277 3866 cursu

248 3921 425 3994 temporum
440 3911 544 3976 ualeat
556 3931 614 3994 per
628 3912 809 3994 quempiam
829 3910 862 3974 in
883 3909 1007 3974 irritum
1027 3912 1183 3986 reuocari,
1205 3931 1278 3995 prs-

249 4033 354 4104 tculea
369 4023 583 4088 concessimus
598 4022 718 4087 litteras
735 4040 795 4105 per
808 4021 1044 4106 appusicionem
1060 4022 1216 4106 dupplicis
1235 4023 1279 4088 si-

248 4137 313 4228 gilli
327 4135 426 4200 nostri
439 4135 624 4198 roboratas..
638 4136 746 4201 datum
758 4153 817 4218 per
831 4154 943 4200 manus
952 4133 1093 4216 magistri
1104 4135 1278 4222 Benedicti,

248 4247 398 4318 Orodieu.
418 4248 551 4318 ecclesie
564 4245 716 4342 prepositi
730 4247 802 4314 aule
815 4244 1207 4326 noum-rocennacellarib
1227 4246 1280 4318 dt·
