2920 4758
622 1017 737 1100 BElAE
762 1017 817 1102 tv.
843 1015 964 1100 naen

275 1192 540 1269 LlBERTAS
577 1193 855 1270 HOSPlTUM
901 1195 971 1268 nr}
1010 1191 1310 1272 szAMOBOR.

703 1350 880 1412 rreoxnrr.

587 1507 627 1558 Ex
644 1507 791 1574 apographa
807 1505 991 1560 llerelrelinbii.

358 1750 433 1814 Bela
449 1750 499 1812 dei
518 1750 622 1831 gracia
636 1749 813 1832 Hongarie‚
833 1749 1009 1822 Dalmacie,
1032 1749 1177 1826 Croacie,
1199 1751 1306 1824 Rame,

277 1861 403 1933 Seruio,
425 1859 543 1922 Galicie
559 1859 773 1941 Cumaniequ'e
788 1881 855 1934 rex,
876 1861 1022 1923 omnibus
1034 1858 1146 1924 Christi
1160 1859 1305 1926 fidelibus

275 1989 407 2054 presens
422 1972 570 2053 scriptum
585 1972 775 2052 inspecturis
790 1972 921 2034 salutem
934 1981 966 2033 et
976 1991 1069 2034 omne
1083 1971 1213 2034 bonum.
1234 1971 1307 2034 Ubi·

276 2101 400 2164 cunque
421 2083 518 2144 nostri
540 2082 673 2144 nominis
696 2083 874 2144 interuentu
895 2103 989 2163 posse
1011 2083 1169 2145 eredimus
1194 2083 1305 2166 aliqui-

275 2195 334 2256 bus
358 2195 629 2266 subueniendum,
659 2193 744 2274 pium
769 2211 827 2254 nos
853 2195 945 2258 decet
968 2194 1120 2258 adbibere
1142 2193 1304 2268 fauorem,

276 2305 443 2388 presertim
466 2324 507 2368 ne
531 2305 648 2368 ueritas
672 2303 863 2377 occultetur,
895 2313 950 2366 ant
973 2304 1120 2386 iniquitas
1145 2306 1306 2386 preualeat

276 2418 415 2499 equitati.
441 2424 609 2497 eapropter
624 2417 663 2477 ad
678 2415 824 2477 noticiam
838 2415 1059 2478 uniuersorum
1074 2417 1220 2478 uolumus
1235 2437 1306 2497 per·

275 2529 400 2600 uenire,
421 2529 507 2608 quud
522 2527 709 2590 accedentes
724 2528 763 2590 ad
784 2535 923 2588 nostram
945 2529 1143 2608 presenciam
1165 2528 1304 2610 hospites

276 2639 374 2701 nostri
390 2640 429 2700 de
441 2639 604 2712 Zamobor,
627 2658 723 2720 prope
740 2645 877 2702 castrum
888 2638 1023 2700 Oselricb
1034 2639 1183 2714 existens,
1202 2636 1305 2708 humi·

275 2748 346 2810 liter
367 2769 385 2811 a
406 2747 498 2810 nobis
519 2748 699 2830 flagitarunt
720 2755 751 2811 et
768 2749 930 2823 instanter,
952 2758 985 2812 ut
1000 2751 1130 2813 modom
1145 2758 1177 2812 et
1192 2759 1304 2818 statum

275 2859 424 2922 libertatis
437 2861 546 2922 eurum
559 2861 598 2922 de
613 2859 718 2941 gracia
729 2868 760 2922 et
775 2861 976 2941 prouidentia
993 2857 1042 2939 pie
1059 2863 1211 2925 memorie
1223 2863 1303 2943 regis

276 2972 471 3045 Colomanni,
486 2971 639 3034 carissimi
646 2973 805 3053 quondam
820 2971 924 3034 fratris
938 2973 1047 3045 nostri,
1060 2975 1146 3034 iuxta
1161 2981 1303 3036 tenorem

275 3083 425 3146 libertatis
440 3083 599 3164 hospitum
615 3084 653 3144 de
668 3083 795 3146 Petrina
808 3081 979 3145 liberaliter
995 3102 1160 3158 concesse,
1182 3093 1303 3146 nostra·

274 3215 343 3256 rum
357 3195 540 3257 auctoritate
554 3194 714 3255 literarum
730 3194 930 3275 dignaremur
945 3193 1143 3256 confirmare.
1171 3197 1234 3258 Nus
1250 3196 1303 3258 ita·

274 3325 338 3388 qne
353 3305 551 3366 considerata
565 3321 677 3364 eorum
691 3303 839 3377 utilitate,
862 3304 1008 3384 precibus
1023 3303 1163 3384 ipsorum
1178 3305 1302 3368 fauora-

273 3417 377 3484 biliter
401 3421 585 3485 annuentes,
605 3413 664 3474 sub
688 3413 830 3478 libertate
855 3416 917 3476 iam
941 3415 1023 3477 sacta
1048 3416 1134 3496 ipsos
1159 3418 1301 3480 duximus

276 3533 430 3604 perpetuo
450 3523 641 3584 statuendus.
668 3523 756 3586 cuius
776 3525 889 3586 seriem
910 3525 942 3586 in
958 3524 1123 3605 priuilegio
1138 3527 1301 3588 memorati

274 3635 380 3698 fratris
393 3633 491 3696 nostri
506 3631 608 3694 taliter
621 3633 757 3698 uidimus
772 3635 940 3696 courtineri:

358 3741 405 3824 (1)
427 3751 462 3804 ut
475 3742 595 3805 scilicet
611 3745 697 3825 ipsos
711 3745 816 3806 nullus
829 3746 967 3808 iudicum
983 3755 1176 3822 nostrorum,
1198 3758 1301 3830 preter

273 3855 425 3920 maiorem
445 3854 519 3917 nille
541 3873 664 3930 eorum,
686 3875 780 3938 quem
801 3855 978 3920 uoluntaria
997 3857 1165 3940 elegerint,
1188 3861 1301 3924 audeat

272 3966 424 4030 indicare.
453 3974 485 4028 et
506 3967 533 4028 si
553 3965 593 4028 ab
614 3986 724 4029 eurum
745 3967 848 4028 iudice
868 3967 1133 4048 conquerentibus
1155 3969 1299 4032 satisfieri

272 4095 337 4142 uon
351 4077 486 4158 poterit·
495 4075 590 4140 iudex
606 4095 715 4140 eurum
728 4077 763 4140 iri
776 4085 883 4140 nostra
896 4078 1077 4159 presencia,
1099 4085 1131 4140 et
1144 4098 1209 4140 non
1223 4079 1298 4150 alias

272 4211 368 4272 super
387 4190 454 4272 ipsa
476 4207 570 4252 causa
590 4189 713 4264 citatus,
736 4189 851 4254 debeat
872 4197 903 4254 et
924 4196 1070 4255 teneatur
1083 4193 1298 4272 respondere,
