<?xml version="1.0" encoding="UTF-8"?>
<!DOCTYPE html PUBLIC "-//W3C//DTD XHTML 1.0 Transitional//EN"
    "http://www.w3.org/TR/xhtml1/DTD/xhtml1-transitional.dtd">
<html xmlns="http://www.w3.org/1999/xhtml" xml:lang="en" lang="en">
 <head>
  <title>
</title>
<meta http-equiv="Content-Type" content="text/html;charset=utf-8" />
  <meta name='ocr-system' content='tesseract 3.04.00' />
  <meta name='ocr-capabilities' content='ocr_page ocr_carea ocr_par ocr_line ocrx_word'/>
</head>
<body>
  <div class='ocr_page' id='page_1' title='image "./rerumhungaricar01endlgoog_0206.png"; bbox 0 0 2904 4754; ppageno 0'>
   <div class='ocr_carea' id='block_1_1' title="bbox 285 409 1216 479">
    <p class='ocr_par' dir='ltr' id='par_1_1' title="bbox 285 409 1216 479">
     <span class='ocr_line' id='line_1_1' title="bbox 285 409 1216 479; baseline -0.004 -1"><span class='ocrx_word' id='word_1_1' title='bbox 285 409 345 478; x_wconf 68' lang='lat' dir='ltr'><strong>iifl</strong></span> <span class='ocrx_word' id='word_1_2' title='bbox 387 429 475 474; x_wconf 72' lang='lat' dir='ltr'><strong>rnna</strong></span> <span class='ocrx_word' id='word_1_3' title='bbox 496 429 540 474; x_wconf 80' lang='lat' dir='ltr'><strong>rr.</strong></span> <span class='ocrx_word' id='word_1_4' title='bbox 557 427 648 479; x_wconf 75' lang='lat' dir='ltr'><strong>recu</strong></span> <span class='ocrx_word' id='word_1_5' title='bbox 672 427 875 476; x_wconf 77' lang='lat' dir='ltr'><strong>coasrrrurro</strong></span> <span class='ocrx_word' id='word_1_6' title='bbox 896 429 938 476; x_wconf 84' lang='lat' dir='ltr'><strong>on</strong></span> <span class='ocrx_word' id='word_1_7' title='bbox 959 427 1097 476; x_wconf 78' lang='lat' dir='ltr'><strong>oacrum.</strong></span> <span class='ocrx_word' id='word_1_8' title='bbox 1128 409 1216 478; x_wconf 71' lang='lat'><strong>1255.</strong></span> 
     </span>
    </p>
   </div>
   <div class='ocr_carea' id='block_1_2' title="bbox 284 579 1311 1553">
    <p class='ocr_par' dir='ltr' id='par_1_2' title="bbox 284 579 1308 772">
     <span class='ocr_line' id='line_1_2' title="bbox 284 579 1308 664; baseline -0.006 -16"><span class='ocrx_word' id='word_1_9' title='bbox 284 602 343 664; x_wconf 84' lang='lat' dir='ltr'><strong>per</strong></span> <span class='ocrx_word' id='word_1_10' title='bbox 357 602 408 656; x_wconf 84' lang='lat' dir='ltr'><strong>se,</strong></span> <span class='ocrx_word' id='word_1_11' title='bbox 430 582 456 646; x_wconf 79' lang='lat' dir='ltr'><strong>ei</strong></span> <span class='ocrx_word' id='word_1_12' title='bbox 476 581 649 656; x_wconf 87' lang='lat' dir='ltr'><strong>uoluerint,</strong></span> <span class='ocrx_word' id='word_1_13' title='bbox 670 581 723 646; x_wconf 85' lang='lat' dir='ltr'><strong>uel</strong></span> <span class='ocrx_word' id='word_1_14' title='bbox 743 601 800 664; x_wconf 86' lang='lat' dir='ltr'><strong>per</strong></span> <span class='ocrx_word' id='word_1_15' title='bbox 817 599 909 646; x_wconf 82' lang='lat' dir='ltr'><strong>cuum</strong></span> <span class='ocrx_word' id='word_1_16' title='bbox 929 579 1128 650; x_wconf 77' lang='lat' dir='ltr'>sacerdotem</span> <span class='ocrx_word' id='word_1_17' title='bbox 1155 587 1207 646; x_wconf 83' lang='lat' dir='ltr'><strong>aut</strong></span> <span class='ocrx_word' id='word_1_18' title='bbox 1229 579 1308 644; x_wconf 84' lang='lat' dir='ltr'><strong>cleri-</strong></span> 
     </span>
     <span class='ocr_line' id='line_1_3' title="bbox 287 711 426 772; baseline 0.014 -18"><span class='ocrx_word' id='word_1_19' title='bbox 287 711 368 756; x_wconf 80' lang='lat' dir='ltr'><strong>cum.</strong></span> <span class='ocrx_word' id='word_1_20' title='bbox 423 763 426 772; x_wconf 77' lang='lat'><strong>,</strong></span> 
     </span>
    </p>

    <p class='ocr_par' dir='ltr' id='par_1_3' title="bbox 284 801 1311 1553">
     <span class='ocr_line' id='line_1_4' title="bbox 367 801 1308 884; baseline 0.003 -21"><span class='ocrx_word' id='word_1_21' title='bbox 367 803 429 878; x_wconf 91' lang='lat'><strong>(3)</strong></span> <span class='ocrx_word' id='word_1_22' title='bbox 450 801 499 866; x_wconf 85' lang='lat' dir='ltr'><strong>Ad</strong></span> <span class='ocrx_word' id='word_1_23' title='bbox 512 802 574 864; x_wconf 90' lang='lat' dir='ltr'><strong>hoc</strong></span> <span class='ocrx_word' id='word_1_24' title='bbox 589 801 802 867; x_wconf 77' lang='lat' dir='ltr'><strong>archidiaconi</strong></span> <span class='ocrx_word' id='word_1_25' title='bbox 817 821 888 868; x_wconf 90' lang='lat' dir='ltr'><strong>cum</strong></span> <span class='ocrx_word' id='word_1_26' title='bbox 910 802 1039 866; x_wconf 84' lang='lat' dir='ltr'><strong>uisitant</strong></span> <span class='ocrx_word' id='word_1_27' title='bbox 1060 802 1240 884; x_wconf 77' lang='lat' dir='ltr'><strong>parochiam</strong></span> <span class='ocrx_word' id='word_1_28' title='bbox 1260 823 1308 866; x_wconf 85' lang='lat' dir='ltr'><strong>sex</strong></span> 
     </span>
     <span class='ocr_line' id='line_1_5' title="bbox 286 913 1310 996; baseline 0.002 -20"><span class='ocrx_word' id='word_1_29' title='bbox 286 913 470 995; x_wconf 75' lang='lat' dir='ltr'><strong>equitaturis</strong></span> <span class='ocrx_word' id='word_1_30' title='bbox 484 913 546 977; x_wconf 86' lang='lat' dir='ltr'><strong>sint</strong></span> <span class='ocrx_word' id='word_1_31' title='bbox 561 914 715 988; x_wconf 88' lang='lat' dir='ltr'><strong>contenti,</strong></span> <span class='ocrx_word' id='word_1_32' title='bbox 731 913 829 977; x_wconf 87' lang='lat' dir='ltr'><strong>semel</strong></span> <span class='ocrx_word' id='word_1_33' title='bbox 843 915 875 976; x_wconf 94' lang='lat' dir='ltr'><strong>in</strong></span> <span class='ocrx_word' id='word_1_34' title='bbox 890 933 972 976; x_wconf 91' lang='lat' dir='ltr'><strong>anno</strong></span> <span class='ocrx_word' id='word_1_35' title='bbox 988 914 1141 996; x_wconf 81' lang='lat' dir='ltr'><strong>recipiant</strong></span> <span class='ocrx_word' id='word_1_36' title='bbox 1157 922 1189 976; x_wconf 92' lang='lat' dir='ltr'><strong>et</strong></span> <span class='ocrx_word' id='word_1_37' title='bbox 1201 914 1310 979; x_wconf 88' lang='lat' dir='ltr'><strong>medie-</strong></span> 
     </span>
     <span class='ocr_line' id='line_1_6' title="bbox 284 1009 1309 1108; baseline 0.002 -22"><span class='ocrx_word' id='word_1_38' title='bbox 284 1031 381 1088; x_wconf 84' lang='lat' dir='ltr'><strong>tatem</strong></span> <span class='ocrx_word' id='word_1_39' title='bbox 396 1024 478 1098; x_wconf 90' lang='lat' dir='ltr'><strong>cius,</strong></span> <span class='ocrx_word' id='word_1_40' title='bbox 499 1009 586 1106; x_wconf 78' lang='lat' dir='ltr'><strong>quod</strong></span> <span class='ocrx_word' id='word_1_41' title='bbox 605 1043 662 1108; x_wconf 91' lang='lat' dir='ltr'><strong>pro</strong></span> <span class='ocrx_word' id='word_1_42' title='bbox 678 1025 889 1089; x_wconf 84' lang='lat' dir='ltr'><strong>cathedratico</strong></span> <span class='ocrx_word' id='word_1_43' title='bbox 912 1025 1056 1107; x_wconf 87' lang='lat' dir='ltr'><strong>recipere</strong></span> <span class='ocrx_word' id='word_1_44' title='bbox 1076 1033 1309 1099; x_wconf 79' lang='lat' dir='ltr'><strong>consueuerunt,</strong></span> 
     </span>
     <span class='ocr_line' id='line_1_7' title="bbox 286 1135 1310 1220; baseline 0 -22"><span class='ocrx_word' id='word_1_45' title='bbox 286 1143 350 1198; x_wconf 90' lang='lat' dir='ltr'><strong>tam</strong></span> <span class='ocrx_word' id='word_1_46' title='bbox 370 1135 410 1196; x_wconf 88' lang='lat' dir='ltr'><strong>de</strong></span> <span class='ocrx_word' id='word_1_47' title='bbox 434 1135 563 1198; x_wconf 87' lang='lat' dir='ltr'><strong>matrice</strong></span> <span class='ocrx_word' id='word_1_48' title='bbox 585 1135 721 1200; x_wconf 88' lang='lat' dir='ltr'><strong>ecclesia</strong></span> <span class='ocrx_word' id='word_1_49' title='bbox 741 1155 834 1220; x_wconf 61' lang='lat' dir='ltr'><strong>mam</strong></span> <span class='ocrx_word' id='word_1_50' title='bbox 853 1135 973 1218; x_wconf 87' lang='lat' dir='ltr'><strong>capella</strong></span> <span class='ocrx_word' id='word_1_51' title='bbox 995 1135 1168 1217; x_wconf 82' lang='lat' dir='ltr'><strong>recipiant,</strong></span> <span class='ocrx_word' id='word_1_52' title='bbox 1205 1142 1236 1199; x_wconf 91' lang='lat' dir='ltr'><strong>et</strong></span> <span class='ocrx_word' id='word_1_53' title='bbox 1254 1157 1310 1198; x_wconf 91' lang='lat' dir='ltr'><strong>non</strong></span> 
     </span>
     <span class='ocr_line' id='line_1_8' title="bbox 285 1247 1311 1329; baseline 0 -19"><span class='ocrx_word' id='word_1_54' title='bbox 285 1247 369 1310; x_wconf 82' lang='lat' dir='ltr'><strong>ultr&#39;a</strong></span> <span class='ocrx_word' id='word_1_55' title='bbox 390 1247 430 1308; x_wconf 86' lang='lat' dir='ltr'><strong>ab</strong></span> <span class='ocrx_word' id='word_1_56' title='bbox 449 1266 505 1320; x_wconf 89' lang='lat' dir='ltr'><strong>ec,</strong></span> <span class='ocrx_word' id='word_1_57' title='bbox 526 1266 621 1329; x_wconf 90' lang='lat' dir='ltr'><strong>aquo</strong></span> <span class='ocrx_word' id='word_1_58' title='bbox 636 1255 861 1329; x_wconf 84' lang='lat' dir='ltr'><strong>procurantur:</strong></span> <span class='ocrx_word' id='word_1_59' title='bbox 884 1247 1002 1310; x_wconf 86' lang='lat' dir='ltr'><strong>scilicet</strong></span> <span class='ocrx_word' id='word_1_60' title='bbox 1017 1247 1057 1310; x_wconf 89' lang='lat' dir='ltr'><strong>de</strong></span> <span class='ocrx_word' id='word_1_61' title='bbox 1072 1247 1203 1310; x_wconf 91' lang='lat' dir='ltr'><strong>matrice</strong></span> <span class='ocrx_word' id='word_1_62' title='bbox 1218 1249 1311 1310; x_wconf 89' lang='lat' dir='ltr'><strong>ecclc-</strong></span> 
     </span>
     <span class='ocr_line' id='line_1_9' title="bbox 286 1357 1310 1442; baseline 0 -21"><span class='ocrx_word' id='word_1_63' title='bbox 286 1358 332 1422; x_wconf 83' lang='lat' dir='ltr'><strong>sia</strong></span> <span class='ocrx_word' id='word_1_64' title='bbox 347 1357 510 1422; x_wconf 89' lang='lat' dir='ltr'><strong>dimidium</strong></span> <span class='ocrx_word' id='word_1_65' title='bbox 530 1358 704 1432; x_wconf 82' lang='lat' dir='ltr'><strong>fertonem,</strong></span> <span class='ocrx_word' id='word_1_66' title='bbox 725 1367 756 1422; x_wconf 88' lang='lat' dir='ltr'><strong>et</strong></span> <span class='ocrx_word' id='word_1_67' title='bbox 773 1360 812 1421; x_wconf 89' lang='lat' dir='ltr'><strong>dc</strong></span> <span class='ocrx_word' id='word_1_68' title='bbox 828 1359 950 1442; x_wconf 77' lang='lat' dir='ltr'><strong>capelia</strong></span> <span class='ocrx_word' id='word_1_69' title='bbox 970 1360 1029 1421; x_wconf 90' lang='lat' dir='ltr'><strong>tria</strong></span> <span class='ocrx_word' id='word_1_70' title='bbox 1042 1360 1196 1440; x_wconf 72' lang='lat' dir='ltr'><strong>pondera,</strong></span> <span class='ocrx_word' id='word_1_71' title='bbox 1225 1361 1262 1422; x_wconf 88' lang='lat' dir='ltr'><strong>ab</strong></span> <span class='ocrx_word' id='word_1_72' title='bbox 1277 1377 1310 1422; x_wconf 91' lang='lat' dir='ltr'><strong>eo</strong></span> 
     </span>
     <span class='ocr_line' id='line_1_10' title="bbox 286 1469 1311 1553; baseline -0.001 -20"><span class='ocrx_word' id='word_1_73' title='bbox 286 1479 409 1544; x_wconf 87' lang='lat' dir='ltr'><strong>autem,</strong></span> <span class='ocrx_word' id='word_1_74' title='bbox 431 1489 527 1552; x_wconf 92' lang='lat' dir='ltr'><strong>aquo</strong></span> <span class='ocrx_word' id='word_1_75' title='bbox 543 1471 802 1552; x_wconf 83' lang='lat' dir='ltr'><strong>procuracionem</strong></span> <span class='ocrx_word' id='word_1_76' title='bbox 815 1471 989 1553; x_wconf 86' lang='lat' dir='ltr'><strong>recipiunt,</strong></span> <span class='ocrx_word' id='word_1_77' title='bbox 1012 1469 1258 1534; x_wconf 81' lang='lat' dir='ltr'><strong>cathedraticum</strong></span> <span class='ocrx_word' id='word_1_78' title='bbox 1270 1471 1311 1532; x_wconf 87' lang='lat' dir='ltr'><strong>in-</strong></span> 
     </span>
    </p>
   </div>
   <div class='ocr_carea' id='block_1_3' title="bbox 285 1581 1432 1866">
    <p class='ocr_par' dir='ltr' id='par_1_4' title="bbox 285 1581 1432 1882">
     <span class='ocr_line' id='line_1_11' title="bbox 285 1581 1432 1674; baseline -0.003 -30"><span class='ocrx_word' id='word_1_79' title='bbox 285 1590 374 1664; x_wconf 76' lang='lat' dir='ltr'><strong>tegre</strong></span> <span class='ocrx_word' id='word_1_80' title='bbox 397 1581 571 1664; x_wconf 86' lang='lat' dir='ltr'><strong>percipiant</strong></span> <span class='ocrx_word' id='word_1_81' title='bbox 590 1582 763 1644; x_wconf 89' lang='lat' dir='ltr'><strong>secundum</strong></span> <span class='ocrx_word' id='word_1_82' title='bbox 779 1581 985 1663; x_wconf 87' lang='lat' dir='ltr'><strong>quantitatem</strong></span> <span class='ocrx_word' id='word_1_83' title='bbox 1004 1589 1177 1664; x_wconf 86' lang='lat' dir='ltr'><strong>protactam</strong></span> <span class='ocrx_word' id='word_1_84' title='bbox 1189 1625 1311 1643; x_wconf 91' lang='grc'><strong>.......</strong></span> <span class='ocrx_word' id='word_1_85' title='bbox 1428 1613 1432 1674; x_wconf 49' lang='lat' dir='ltr'><strong>p</strong></span> 
     </span>
     <span class='ocr_line' id='line_1_12' title="bbox 287 1690 1311 1772; baseline -0.003 -18"><span class='ocrx_word' id='word_1_86' title='bbox 287 1692 427 1754; x_wconf 88' lang='lat' dir='ltr'><strong>ecclesiis</strong></span> <span class='ocrx_word' id='word_1_87' title='bbox 450 1692 665 1766; x_wconf 82' lang='lat' dir='ltr'><strong>restituantur,</strong></span> <span class='ocrx_word' id='word_1_88' title='bbox 686 1693 727 1754; x_wconf 88' lang='lat' dir='ltr'><strong>ad</strong></span> <span class='ocrx_word' id='word_1_89' title='bbox 745 1711 818 1754; x_wconf 88' lang='lat' dir='ltr'><strong>suas</strong></span> <span class='ocrx_word' id='word_1_90' title='bbox 840 1691 988 1756; x_wconf 85' lang='lat' dir='ltr'><strong>ccclesias</strong></span> <span class='ocrx_word' id='word_1_91' title='bbox 1010 1697 1042 1753; x_wconf 88' lang='lat' dir='ltr'><strong>ct</strong></span> <span class='ocrx_word' id='word_1_92' title='bbox 1058 1690 1214 1754; x_wconf 89' lang='lat' dir='ltr'><strong>beneficia</strong></span> <span class='ocrx_word' id='word_1_93' title='bbox 1231 1691 1311 1772; x_wconf 83' lang='lat' dir='ltr'><strong>prius</strong></span> 
     </span>
     <span class='ocr_line' id='line_1_13' title="bbox 287 1801 1312 1866; baseline 0 -1"><span class='ocrx_word' id='word_1_94' title='bbox 287 1804 425 1866; x_wconf 89' lang='lat' dir='ltr'><strong>obtenta.</strong></span> <span class='ocrx_word' id='word_1_95' title='bbox 454 1805 570 1866; x_wconf 89' lang='lat' dir='ltr'><strong>damna</strong></span> <span class='ocrx_word' id='word_1_96' title='bbox 584 1804 684 1866; x_wconf 89' lang='lat' dir='ltr'><strong>eciam</strong></span> <span class='ocrx_word' id='word_1_97' title='bbox 706 1803 780 1866; x_wconf 91' lang='lat' dir='ltr'><strong>hinc</strong></span> <span class='ocrx_word' id='word_1_98' title='bbox 800 1804 873 1865; x_wconf 90' lang='lat' dir='ltr'><strong>inde</strong></span> <span class='ocrx_word' id='word_1_99' title='bbox 893 1801 979 1865; x_wconf 84' lang='lat' dir='ltr'><strong>illata</strong></span> <span class='ocrx_word' id='word_1_100' title='bbox 996 1802 1195 1866; x_wconf 89' lang='lat' dir='ltr'><strong>decreuimus</strong></span> <span class='ocrx_word' id='word_1_101' title='bbox 1213 1810 1312 1865; x_wconf 88' lang='lat' dir='ltr'><strong>mutue</strong></span> 
     </span>
    </p>
   </div>
   <div class='ocr_carea' id='block_1_4' title="bbox 286 1912 484 1976">
    <p class='ocr_par' dir='ltr' id='par_1_5' title="bbox 286 1912 484 1976">
     <span class='ocr_line' id='line_1_14' title="bbox 286 1912 484 1976; baseline -0.01 0"><span class='ocrx_word' id='word_1_102' title='bbox 286 1912 484 1976; x_wconf 90' lang='lat' dir='ltr'><strong>remittenda.</strong></span> 
     </span>
    </p>
   </div>
   <div class='ocr_carea' id='block_1_5' title="bbox 286 2023 1432 2220">
    <p class='ocr_par' dir='ltr' id='par_1_6' title="bbox 286 2001 1432 2220">
     <span class='ocr_line' id='line_1_15' title="bbox 370 2023 1432 2108; baseline 0.002 -22"><span class='ocrx_word' id='word_1_103' title='bbox 370 2025 432 2100; x_wconf 78' lang='lat' dir='ltr'><strong>(i)</strong></span> <span class='ocrx_word' id='word_1_104' title='bbox 453 2025 502 2086; x_wconf 77' lang='lat' dir='ltr'><strong>Ad</strong></span> <span class='ocrx_word' id='word_1_105' title='bbox 527 2024 588 2088; x_wconf 89' lang='lat' dir='ltr'><strong>hec</strong></span> <span class='ocrx_word' id='word_1_106' title='bbox 610 2029 644 2088; x_wconf 92' lang='lat' dir='ltr'><strong>ut</strong></span> <span class='ocrx_word' id='word_1_107' title='bbox 666 2025 808 2106; x_wconf 88' lang='lat' dir='ltr'><strong>predicta</strong></span> <span class='ocrx_word' id='word_1_108' title='bbox 831 2025 936 2090; x_wconf 90' lang='lat' dir='ltr'><strong>omnia</strong></span> <span class='ocrx_word' id='word_1_109' title='bbox 958 2023 1077 2088; x_wconf 88' lang='lat' dir='ltr'><strong>firmius</strong></span> <span class='ocrx_word' id='word_1_110' title='bbox 1094 2025 1315 2108; x_wconf 59' lang='lat' dir='ltr'><strong>obseruantia</strong></span> <span class='ocrx_word' id='word_1_111' title='bbox 1429 2047 1432 2064; x_wconf 57' lang='lat'><em>²</em></span> 
     </span>
     <span class='ocr_line' id='line_1_16' title="bbox 286 2135 1316 2220; baseline 0.003 -22"><span class='ocrx_word' id='word_1_112' title='bbox 286 2135 402 2220; x_wconf 88' lang='lat' dir='ltr'><strong>placuit</strong></span> <span class='ocrx_word' id='word_1_113' title='bbox 426 2136 579 2219; x_wconf 88' lang='lat' dir='ltr'><strong>partibus,</strong></span> <span class='ocrx_word' id='word_1_114' title='bbox 607 2143 638 2200; x_wconf 88' lang='lat' dir='ltr'><strong>et</strong></span> <span class='ocrx_word' id='word_1_115' title='bbox 659 2155 717 2198; x_wconf 91' lang='lat' dir='ltr'><strong>nos</strong></span> <span class='ocrx_word' id='word_1_116' title='bbox 739 2137 942 2200; x_wconf 86' lang='lat' dir='ltr'><strong>assumsimus</strong></span> <span class='ocrx_word' id='word_1_117' title='bbox 968 2157 1024 2218; x_wconf 91' lang='lat' dir='ltr'><strong>pro</strong></span> <span class='ocrx_word' id='word_1_118' title='bbox 1046 2137 1131 2198; x_wconf 94' lang='lat' dir='ltr'><strong>bono</strong></span> <span class='ocrx_word' id='word_1_119' title='bbox 1152 2138 1259 2219; x_wconf 85' lang='lat' dir='ltr'><strong>pacis,</strong></span> <span class='ocrx_word' id='word_1_120' title='bbox 1283 2143 1316 2200; x_wconf 86' lang='lat' dir='ltr'><strong>ut</strong></span> 
     </span>
    </p>
   </div>
   <div class='ocr_carea' id='block_1_6' title="bbox 285 2247 1432 2427">
    <p class='ocr_par' dir='ltr' id='par_1_7' title="bbox 285 2237 1432 2427">
     <span class='ocr_line' id='line_1_17' title="bbox 285 2247 1315 2332; baseline 0 -20"><span class='ocrx_word' id='word_1_121' title='bbox 285 2257 404 2332; x_wconf 80' lang='lat' dir='ltr'><strong>partein</strong></span> <span class='ocrx_word' id='word_1_122' title='bbox 425 2249 647 2310; x_wconf 86' lang='lat' dir='ltr'><strong>obseruantem</strong></span> <span class='ocrx_word' id='word_1_123' title='bbox 669 2249 872 2330; x_wconf 84' lang='lat' dir='ltr'><strong>prescriptam</strong></span> <span class='ocrx_word' id='word_1_124' title='bbox 894 2247 1131 2312; x_wconf 87' lang='lat' dir='ltr'><strong>ordinacionem</strong></span> <span class='ocrx_word' id='word_1_125' title='bbox 1151 2267 1315 2312; x_wconf 87' lang='lat' dir='ltr'><strong>conserae·</strong></span> 
     </span>
     <span class='ocr_line' id='line_1_18' title="bbox 287 2339 1432 2427; baseline -0.002 -3"><span class='ocrx_word' id='word_1_126' title='bbox 287 2383 356 2426; x_wconf 82' lang='lat' dir='ltr'><strong>mue</strong></span> <span class='ocrx_word' id='word_1_127' title='bbox 369 2362 402 2422; x_wconf 93' lang='lat' dir='ltr'><strong>in</strong></span> <span class='ocrx_word' id='word_1_128' title='bbox 416 2381 473 2424; x_wconf 87' lang='lat' dir='ltr'><strong>suo</strong></span> <span class='ocrx_word' id='word_1_129' title='bbox 487 2360 555 2422; x_wconf 90' lang='lat' dir='ltr'><strong>iure</strong></span> <span class='ocrx_word' id='word_1_130' title='bbox 571 2369 681 2424; x_wconf 90' lang='lat' dir='ltr'><strong>contra</strong></span> <span class='ocrx_word' id='word_1_131' title='bbox 694 2359 822 2424; x_wconf 87' lang='lat' dir='ltr'><strong>alteram</strong></span> <span class='ocrx_word' id='word_1_132' title='bbox 838 2361 1009 2424; x_wconf 81' lang='lat' dir='ltr'><strong>obseruare</strong></span> <span class='ocrx_word' id='word_1_133' title='bbox 1029 2379 1093 2422; x_wconf 90' lang='lat' dir='ltr'><strong>non</strong></span> <span class='ocrx_word' id='word_1_134' title='bbox 1107 2359 1277 2427; x_wconf 73' lang='lat' dir='ltr'><strong>uolentem,</strong></span> <span class='ocrx_word' id='word_1_135' title='bbox 1431 2339 1432 2362; x_wconf 20' lang='grc' dir='ltr'>ἦ</span> 
     </span>
    </p>
   </div>
   <div class='ocr_carea' id='block_1_7' title="bbox 287 2469 1432 2662">
    <p class='ocr_par' dir='ltr' id='par_1_8' title="bbox 287 2449 1432 2662">
     <span class='ocr_line' id='line_1_19' title="bbox 369 2469 1315 2552; baseline 0.001 -20"><span class='ocrx_word' id='word_1_136' title='bbox 369 2471 427 2545; x_wconf 86' lang='grc'><strong>(5)</strong></span> <span class='ocrx_word' id='word_1_137' title='bbox 449 2469 626 2532; x_wconf 83' lang='lat' dir='ltr'><strong>Adiecimuo</strong></span> <span class='ocrx_word' id='word_1_138' title='bbox 641 2470 757 2544; x_wconf 87' lang='lat' dir='ltr'><strong>eciam,</strong></span> <span class='ocrx_word' id='word_1_139' title='bbox 768 2470 854 2552; x_wconf 91' lang='lat' dir='ltr'><strong>quod</strong></span> <span class='ocrx_word' id='word_1_140' title='bbox 869 2477 974 2551; x_wconf 88' lang='lat' dir='ltr'><strong>partes</strong></span> <span class='ocrx_word' id='word_1_141' title='bbox 989 2478 1163 2552; x_wconf 86' lang='lat' dir='ltr'><strong>spontanea</strong></span> <span class='ocrx_word' id='word_1_142' title='bbox 1178 2478 1210 2534; x_wconf 88' lang='lat' dir='ltr'><strong>et</strong></span> <span class='ocrx_word' id='word_1_143' title='bbox 1224 2472 1315 2534; x_wconf 88' lang='lat' dir='ltr'><strong>ultro·</strong></span> 
     </span>
     <span class='ocr_line' id='line_1_20' title="bbox 287 2578 1432 2662; baseline 0 -20"><span class='ocrx_word' id='word_1_144' title='bbox 287 2601 349 2642; x_wconf 91' lang='lat' dir='ltr'><strong>nea</strong></span> <span class='ocrx_word' id='word_1_145' title='bbox 367 2578 529 2642; x_wconf 88' lang='lat' dir='ltr'><strong>uoluntate</strong></span> <span class='ocrx_word' id='word_1_146' title='bbox 549 2579 816 2642; x_wconf 88' lang='lat' dir='ltr'><strong>renunciauerunt</strong></span> <span class='ocrx_word' id='word_1_147' title='bbox 837 2579 993 2662; x_wconf 88' lang='lat' dir='ltr'><strong>prioribus</strong></span> <span class='ocrx_word' id='word_1_148' title='bbox 1018 2579 1131 2644; x_wconf 81' lang='lat' dir='ltr'><strong>titteris</strong></span> <span class='ocrx_word' id='word_1_149' title='bbox 1152 2589 1184 2644; x_wconf 91' lang='lat' dir='ltr'><strong>et</strong></span> <span class='ocrx_word' id='word_1_150' title='bbox 1204 2581 1315 2646; x_wconf 85' lang='lat' dir='ltr'><strong>instru-</strong></span> <span class='ocrx_word' id='word_1_151' title='bbox 1430 2599 1432 2652; x_wconf 72' lang='lat' dir='ltr'>j</span> 
     </span>
    </p>
   </div>
   <div class='ocr_carea' id='block_1_8' title="bbox 287 2689 1405 2890">
    <p class='ocr_par' dir='ltr' id='par_1_9' title="bbox 287 2665 1432 2890">
     <span class='ocr_line' id='line_1_21' title="bbox 287 2689 1405 2789; baseline -0.005 -35"><span class='ocrx_word' id='word_1_152' title='bbox 287 2691 415 2764; x_wconf 90' lang='lat' dir='ltr'><strong>mentis,</strong></span> <span class='ocrx_word' id='word_1_153' title='bbox 436 2689 503 2752; x_wconf 85' lang='lat' dir='ltr'><strong>siue</strong></span> <span class='ocrx_word' id='word_1_154' title='bbox 526 2690 567 2752; x_wconf 87' lang='lat' dir='ltr'><strong>da</strong></span> <span class='ocrx_word' id='word_1_155' title='bbox 587 2690 664 2752; x_wconf 86' lang='lat' dir='ltr'><strong>sede</strong></span> <span class='ocrx_word' id='word_1_156' title='bbox 686 2689 859 2772; x_wconf 88' lang='lat' dir='ltr'><strong>apostolica</strong></span> <span class='ocrx_word' id='word_1_157' title='bbox 876 2691 935 2783; x_wconf 70' lang='lat' dir='ltr'><strong>uel=</strong></span> <span class='ocrx_word' id='word_1_158' title='bbox 949 2692 1152 2776; x_wconf 82' lang='lat' dir='ltr'><strong>undicunque</strong></span> <span class='ocrx_word' id='word_1_159' title='bbox 1175 2693 1316 2768; x_wconf 78' lang='lat' dir='ltr'><strong>obtentis,</strong></span> <span class='ocrx_word' id='word_1_160' title='bbox 1402 2781 1405 2789; x_wconf 29' lang='grc' dir='ltr'>Ι</span> 
     </span>
     <span class='ocr_line' id='line_1_22' title="bbox 287 2800 1312 2890; baseline -0.001 -23"><span class='ocrx_word' id='word_1_161' title='bbox 287 2823 383 2886; x_wconf 83' lang='lat' dir='ltr'><strong>cuper</strong></span> <span class='ocrx_word' id='word_1_162' title='bbox 404 2801 465 2864; x_wconf 87' lang='lat' dir='ltr'><strong>hoc</strong></span> <span class='ocrx_word' id='word_1_163' title='bbox 486 2800 569 2864; x_wconf 82' lang='lat' dir='ltr'><strong>tacto</strong></span> <span class='ocrx_word' id='word_1_164' title='bbox 593 2801 656 2864; x_wconf 88' lang='lat' dir='ltr'><strong>fida</strong></span> <span class='ocrx_word' id='word_1_165' title='bbox 679 2801 753 2864; x_wconf 85' lang='lat' dir='ltr'><strong>data</strong></span> <span class='ocrx_word' id='word_1_166' title='bbox 771 2802 987 2883; x_wconf 85' lang='lat' dir='ltr'><strong>promittentes</strong></span> <span class='ocrx_word' id='word_1_167' title='bbox 1007 2802 1040 2868; x_wconf 88' lang='lat' dir='ltr'><strong>in</strong></span> <span class='ocrx_word' id='word_1_168' title='bbox 1061 2809 1184 2890; x_wconf 85' lang='lat' dir='ltr'><strong>nostras</strong></span> <span class='ocrx_word' id='word_1_169' title='bbox 1206 2824 1312 2867; x_wconf 82' lang='lat' dir='ltr'><strong>manus</strong></span> 
     </span>
    </p>
   </div>
   <div class='ocr_carea' id='block_1_9' title="bbox 287 2901 1432 2998">
    <p class='ocr_par' dir='ltr' id='par_1_10' title="bbox 287 2901 1432 2998">
     <span class='ocr_line' id='line_1_23' title="bbox 287 2901 1432 2998; baseline 0.002 -22"><span class='ocrx_word' id='word_1_170' title='bbox 287 2935 325 2978; x_wconf 88' lang='lat' dir='ltr'><strong>ea</strong></span> <span class='ocrx_word' id='word_1_171' title='bbox 338 2915 461 2996; x_wconf 82' lang='lat' dir='ltr'><strong>integre</strong></span> <span class='ocrx_word' id='word_1_172' title='bbox 474 2915 653 2996; x_wconf 81' lang='lat' dir='ltr'><strong>resignare,</strong></span> <span class='ocrx_word' id='word_1_173' title='bbox 674 2913 746 2976; x_wconf 89' lang='lat' dir='ltr'><strong>etsi</strong></span> <span class='ocrx_word' id='word_1_174' title='bbox 761 2931 825 2995; x_wconf 88' lang='lat' dir='ltr'><strong>qua</strong></span> <span class='ocrx_word' id='word_1_175' title='bbox 839 2931 879 2976; x_wconf 84' lang='lat' dir='ltr'><strong>ex</strong></span> <span class='ocrx_word' id='word_1_176' title='bbox 899 2911 967 2974; x_wconf 65' lang='lat' dir='ltr'><strong>iilisx</strong></span> <span class='ocrx_word' id='word_1_177' title='bbox 982 2914 1077 2977; x_wconf 90' lang='lat' dir='ltr'><strong>modo</strong></span> <span class='ocrx_word' id='word_1_178' title='bbox 1099 2913 1205 2998; x_wconf 85' lang='lat' dir='ltr'><strong>atiquo</strong></span> <span class='ocrx_word' id='word_1_179' title='bbox 1219 2934 1312 2996; x_wconf 81' lang='lat' dir='ltr'><strong>penes</strong></span> <span class='ocrx_word' id='word_1_180' title='bbox 1431 2901 1432 2908; x_wconf 9' lang='grc' dir='ltr'>ἵ</span> 
     </span>
    </p>
   </div>
   <div class='ocr_carea' id='block_1_10' title="bbox 285 3024 1312 3220">
    <p class='ocr_par' dir='ltr' id='par_1_11' title="bbox 285 3024 1312 3220">
     <span class='ocr_line' id='line_1_24' title="bbox 287 3024 1312 3110; baseline 0.002 -22"><span class='ocrx_word' id='word_1_181' title='bbox 287 3026 463 3110; x_wconf 88' lang='lat' dir='ltr'><strong>quempiam</strong></span> <span class='ocrx_word' id='word_1_182' title='bbox 486 3031 701 3100; x_wconf 87' lang='lat' dir='ltr'><strong>remanerent,</strong></span> <span class='ocrx_word' id='word_1_183' title='bbox 722 3041 812 3088; x_wconf 84' lang='lat' dir='ltr'><strong>cassa</strong></span> <span class='ocrx_word' id='word_1_184' title='bbox 832 3032 938 3108; x_wconf 86' lang='lat' dir='ltr'><strong>essent</strong></span> <span class='ocrx_word' id='word_1_185' title='bbox 959 3033 991 3090; x_wconf 89' lang='lat' dir='ltr'><strong>et</strong></span> <span class='ocrx_word' id='word_1_186' title='bbox 1013 3024 1137 3094; x_wconf 85' lang='lat' dir='ltr'><strong>ino-tilia</strong></span> <span class='ocrx_word' id='word_1_187' title='bbox 1151 3035 1192 3100; x_wconf 73' lang='lat' dir='ltr'><strong>⁷ct</strong></span> <span class='ocrx_word' id='word_1_188' title='bbox 1215 3027 1312 3090; x_wconf 86' lang='lat' dir='ltr'><strong>nullas</strong></span> 
     </span>
     <span class='ocr_line' id='line_1_25' title="bbox 285 3136 677 3220; baseline -0.01 -18"><span class='ocrx_word' id='word_1_189' title='bbox 285 3139 410 3220; x_wconf 88' lang='lat' dir='ltr'><strong>penitus</strong></span> <span class='ocrx_word' id='word_1_190' title='bbox 424 3137 509 3200; x_wconf 77' lang='lat' dir='ltr'><strong>uires</strong></span> <span class='ocrx_word' id='word_1_191' title='bbox 521 3136 677 3200; x_wconf 87' lang='lat' dir='ltr'><strong>habitura.</strong></span> 
     </span>
    </p>
   </div>
   <div class='ocr_carea' id='block_1_11' title="bbox 367 3246 1432 3315">
    <p class='ocr_par' dir='ltr' id='par_1_12' title="bbox 367 3246 1432 3315">
     <span class='ocr_line' id='line_1_26' title="bbox 367 3246 1432 3315; baseline 0.003 -5"><span class='ocrx_word' id='word_1_192' title='bbox 367 3250 479 3310; x_wconf 89' lang='lat' dir='ltr'><strong>Datum</strong></span> <span class='ocrx_word' id='word_1_193' title='bbox 494 3253 525 3309; x_wconf 88' lang='lat' dir='ltr'><strong>et</strong></span> <span class='ocrx_word' id='word_1_194' title='bbox 539 3254 640 3310; x_wconf 88' lang='lat' dir='ltr'><strong>actum</strong></span> <span class='ocrx_word' id='word_1_195' title='bbox 654 3246 687 3307; x_wconf 89' lang='lat' dir='ltr'><strong>in</strong></span> <span class='ocrx_word' id='word_1_196' title='bbox 701 3247 815 3312; x_wconf 78' lang='lat' dir='ltr'><strong>Vasire.</strong></span> <span class='ocrx_word' id='word_1_197' title='bbox 837 3268 920 3312; x_wconf 88' lang='lat' dir='ltr'><strong>anno</strong></span> <span class='ocrx_word' id='word_1_198' title='bbox 936 3248 1055 3315; x_wconf 89' lang='lat' dir='ltr'><strong>domini</strong></span> <span class='ocrx_word' id='word_1_199' title='bbox 1071 3247 1237 3312; x_wconf 81' lang='lat' dir='ltr'><strong>millesimo</strong></span> <span class='ocrx_word' id='word_1_200' title='bbox 1259 3250 1312 3312; x_wconf 88' lang='lat' dir='ltr'><strong>du·</strong></span> <span class='ocrx_word' id='word_1_201' title='bbox 1431 3259 1432 3268; x_wconf 76' lang='grc'>’</span> 
     </span>
    </p>
   </div>
   <div class='ocr_carea' id='block_1_12' title="bbox 286 3353 870 3440">
    <p class='ocr_par' dir='ltr' id='par_1_13' title="bbox 286 3353 870 3440">
     <span class='ocr_line' id='line_1_27' title="bbox 286 3353 870 3440; baseline -0.002 -19"><span class='ocrx_word' id='word_1_202' title='bbox 286 3358 457 3422; x_wconf 85' lang='lat' dir='ltr'><strong>centesimo</strong></span> <span class='ocrx_word' id='word_1_203' title='bbox 479 3353 737 3439; x_wconf 81' lang='lat' dir='ltr'><strong>quinquagesimo</strong></span> <span class='ocrx_word' id='word_1_204' title='bbox 753 3358 870 3440; x_wconf 88' lang='lat' dir='ltr'><strong>quinto.</strong></span> 
     </span>
    </p>
   </div>
   <div class='ocr_carea' id='block_1_13' title="bbox 0 0 1458 4754">
    <p class='ocr_par' dir='ltr' id='par_1_14' title="bbox 0 0 1458 4754">
     <span class='ocr_line' id='line_1_28' title="bbox 0 0 1458 4754; baseline 0 0"><span class='ocrx_word' id='word_1_205' title='bbox 0 0 1458 4754; x_wconf 95' lang='lat' dir='ltr'><strong> </strong></span> 
     </span>
    </p>
   </div>
  </div>
 </body>
</html>
