3048 4760
271 418 333 484 stt
423 435 685 484 conrnnrroses
706 435 842 482 senones
857 431 1018 481 ‘emensis
1061 415 1152 476 ffld.

272 601 349 654 turn.
380 593 435 674 qui
456 611 535 654 uero
555 611 595 653 cx
617 609 712 652 causa
734 591 775 652 ad
794 591 949 672 synodum
970 589 1018 650 ire
1037 587 1090 650 uel
1112 578 1300 649 υὲιίωιιαι

272 712 417 784 possunt,
439 723 509 766 earn
533 699 761 766 archidiaconis
780 712 813 764 et
833 701 1054 764 archidiacono
1075 699 1125 762 sui
1143 697 1301 761 diecesani

272 816 416 877 studeant
430 815 590 876 nunciare.
612 815 697 895 quod
718 813 745 876 si
766 814 936 886 ueniendo,
957 821 989 875 et
1010 811 1232 874 denunciando
1251 829 1301 872 ra·
1364 847 1366 854 ,

272 926 461 988 cionabilcrn
482 941 610 988 causans
631 925 837 1007 negligentes,
858 942 914 988 seu
927 931 1161 1004 contemptores
1175 923 1304 984 exstile·

272 1038 337 1098 rint
349 1037 389 1097 ad
403 1036 643 1100 diocesaneum
659 1053 793 1098 sucrum*
802 1035 964 1096 arbitrium
979 1033 1157 1115 puniantur.

356 1145 420 1227 (20)
442 1149 590 1209 Preterea
601 1147 776 1218 statuimus,
792 1146 880 1227 qood
890 1143 1138 1225 archiepiscopi,
1152 1142 1302 1224 episcopt,

273 1259 412 1332 abbstes,
432 1267 464 1320 et
484 1258 618 1338 quilibet
639 1255 708 1331 alii,
729 1257 784 1338 qui
804 1275 843 1318 ex
866 1255 1030 1336 pinutlegic
1044 1254 1142 1316 mitris
1161 1259 1302 1326 utuntur,

272 1370 388 1432 mitrati
409 1387 480 1430 cum
502 1369 748 1451 superpelliceis,
769 1367 868 1441 stolis,
888 1366 1007 1447 cappis,
1027 1385 1084 1428 seu
1101 1364 1302 1446 pluuialilsus,

272 1481 423 1562 prepositi
438 1501 526 1556 uero,
542 1481 673 1562 priores,
688 1480 785 1542 etalii
800 1479 966 1542 interiores
980 1475 1092 1558 prelati
1106 1497 1178 1541 cunr
1192 1495 1302 1558 super-

274 1592 403 1674 pelliciis
417 1601 450 1655 et
464 1593 563 1665 stolis,
584 1592 610 1654 si
626 1591 749 1654 diaconi
763 1589 873 1654 saltem
887 1591 965 1663 eine,
982 1596 1015 1652 et
1027 1588 1053 1650 si
1066 1588 1167 1650 uelint
1180 1586 1302 1668 plusia-

272 1681 354 1765 libus
367 1723 424 1765 scu
434 1704 551 1784 cappis.
571 1711 712 1764 rectores
726 1721 804 1763 uero
818 1710 850 1762 et
863 1700 1020 1782 simplices
1034 1699 1216 1761 sacerdotes
1228 1712 1300 1760 eun

272 1815 374 1888 cottis,
395 1830 451 1876 seu
473 1813 701 1894 superpelliciis
722 1821 753 1875 et
776 1813 865 1875 stolis
883 1819 1015 1874 mnium.
1044 1809 1203 1872 interioris
1224 1825 1300 1871 uero

273 1934 371 1989 slatus
386 1926 438 1987 uel
452 1923 569 1986 ordinis
587 1923 691 1988 clerici
709 1943 780 1986 cum
795 1923 886 1986 cottis
899 1923 1055 2005 synodum
1068 1922 1203 1994 intrent,
1224 1929 1256 1984 et
1267 1923 1301 1983 ia

272 2057 313 2100 ea
326 2039 458 2110 deuote,
481 2043 512 2098 et
534 2055 606 2098 cum
627 2034 814 2098 reuereneia
836 2053 937 2116 usqrre
952 2035 992 2096 ad
1005 2033 1117 2108 linem,
1138 2033 1301 2096 nisicasrn
1414 2087 1424 2104 ,

271 2147 468 2211 necessitatis
490 2146 670 2219 emerserit,
690 2151 908 2227 perseuerant.
932 2143 1070 2226 religiosi
1083 2161 1212 2224 qunque
1233 2143 1302 2206 ned-
1341 2156 1345 2160 ’

272 2260 333 2321 lem
351 2259 539 2340 prelaturam
551 2257 602 2319 uel
618 2257 923 2320 administracionem
936 2255 1091 2319 habentes
1101 2261 1303 2337 perpetuam,

272 2370 481 2451 permittimus
495 2369 527 2428 in
542 2368 650 2429 habitu
666 2385 724 2430 suc
734 2387 808 2430 cum
822 2367 910 2429 stolis
923 2367 957 2428 in
969 2367 1091 2449 synodo
1103 2373 1301 2448 possestare,

273 2473 399 2542 eciamsi
416 2479 720 2541 administracicncm
734 2480 881 2542 heheant.

357 2586 424 2668 (21)
448 2589 617 2652 statuimus
635 2591 736 2651 eciam
751 2591 837 2672 quod
850 2609 961 2656 omnes
974 2589 1124 2666 athaes,
1141 2589 1300 2672 prepositi,

270 2702 404 2784 priores,
424 2699 550 2781 plebani
564 2707 596 2762 et
609 2701 661 2762 alii
675 2701 882 2764 ecelesiarum
897 2703 1025 2784 prelati,
1046 2709 1079 2764 et
1093 2710 1231 2766 rodoma
1244 2720 1299 2762 cu-

272 2831 338 2874 rans
353 2809 526 2873 animarum
540 2811 728 2874 habencinnr
742 2814 879 2894 promoti
895 2815 932 2874 ad
945 2807 1122 2894 dignitates,
1135 2828 1192 2874 seu
1205 2827 1299 2873 curas

271 2925 439 3006 predictus,
461 2932 532 2986 ante
548 2924 713 2986 concilium
729 2925 939 3006 Lugdunense
958 2924 1083 2986 nouiter
1096 2923 1298 2994 celebratum,

272 3037 297 3100 si
313 3035 488 3118 presbyteri
499 3055 562 3096 nnn
577 3036 655 3110 sint,
668 3035 701 3096 in
717 3037 865 3117 proximis
879 3035 991 3098 nuris
1005 3034 1298 3117 qnatucrtumpcri·

272 3150 330 3210 bus
351 3147 531 3210 successiue
553 3167 587 3208 se
609 3146 724 3208 iaciant
744 3167 845 3228 usque
860 3147 901 3208 ad
921 3145 1136 3208 sacerdocium
1151 3142 1300 3214 ordinari,

272 3267 326 3321 aut
350 3258 479 3320 omnino
502 3257 656 3320 dimittent
681 3257 860 3320 huiusmodi
885 3259 1068 3340 dignitates,
1090 3264 1122 3319 et
1145 3263 1299 3327 esseest
1348 3296 1355 3302 -

270 3389 329 3451 per
350 3385 425 3430 suos
444 3368 630 3428 diecesanos
650 3374 704 3427 ent
721 3369 906 3450 superiores
921 3369 1045 3430 sublato
1059 3366 1223 3429 cuiuslibet
1241 3384 1298 3446 ap-

270 3477 452 3561 pellacicnis
471 3475 635 3538 obstaculo
658 3487 864 3542 moueantur
887 3499 908 3540 a
928 3477 1140 3561 dignitatibus,
1164 3487 1196 3540 ct
1215 3475 1297 3540 cusis

270 3588 431 3671 predictis,
452 3587 511 3648 nisi
533 3587 565 3648 in
585 3589 763 3652 sacerdotes
777 3589 894 3652 fuerint
915 3587 1060 3652 ordinati.
1081 3588 1228 3652 insdtutis
1242 3607 1298 3650 au-

270 3709 344 3772 tem,
357 3699 425 3761 siue
439 3698 637 3761 instituendis
650 3707 723 3782 post
737 3699 907 3776 concilium
918 3701 1129 3784 Lugdunense
1143 3700 1296 3782 prefatum

270 3831 328 3892 per
339 3809 537 3883 diocesanos,
557 3818 590 3872 et
603 3810 680 3872 alios
695 3811 874 3891 superiores
889 3828 998 3875 eorum
1013 3813 1222 3884 denuncietur
1233 3811 1297 3874 sin-

270 3919 419 4003 gulariter
434 3920 563 4001 singulis
578 3930 610 3985 et
622 3921 844 3985 uniuersaliter
857 3922 1024 3997 uniuersis,
1045 3924 1130 4006 quod
1144 3922 1297 3984 nisiinl‘ra

270 4051 386 4096 annum
412 4051 430 4092 a
454 4031 506 4092 die
529 4050 584 4093 suc
609 4033 845 4096 constitucionis
867 4034 901 4095 in
921 4035 1134 4116 dignitatibus,
1155 4035 1297 4098 ethone-

268 4144 347 4207 liciis
370 4159 475 4204 curam
494 4141 876 4206 animarumha'lrentibus
901 4143 935 4206 in
955 4145 1160 4226 presbyteros
1180 4141 1297 4205 luerint

271 4254 406 4320 ordinati
426 4255 494 4338 ipso
515 4253 583 4317 iure
597 4253 777 4317 huhnmodl
789 4252 954 4320 beneficiis
972 4253 1175 4338 sintpriueti,
1194 4245 1299 4319 ute
