2904 4754
295 415 357 484 ill
404 435 521 482 ranam
543 433 615 482 asar
634 431 783 483 curares
805 433 1084 482 annumerasset.
1127 413 1214 485 12⁷7.

298 611 407 656 ornnes
427 609 536 652 causas
555 588 638 652 inter
654 589 739 672 ipsos
762 567 845 652 ortas
864 587 897 652 in
917 589 1048 672 propria
1065 607 1201 674 persona
1220 599 1312 655 anaim

296 703 514 776 iudicabimus,
534 709 588 764 aul
601 699 723 766 uillicns
738 700 896 784 ipsorum,
910 721 1004 784 quern
1019 700 1103 766 inter
1116 721 1153 764 se
1166 701 1315 786 elegerunt

297 813 606 878 leuenturiudinare.
1309 831 1313 834 ·

380 928 438 1002 (2)
460 927 608 990 Preterea
627 925 666 988 de
688 925 810 1008 integra
831 924 919 988 curin
940 944 997 1006 per
1011 923 1250 1019 circulumonnui
1269 945 1319 1008 prn

296 1036 434 1120 terragio
457 1034 583 1098 soluere
608 1035 744 1098 debeant
769 1033 932 1100 dimidium
953 1036 1124 1110 fertonem,
1152 1037 1323 1121 partemin

298 1145 417 1210 nctauis
427 1145 512 1210 beati
523 1143 660 1228 Georgii,
676 1153 795 1228 partem
807 1165 885 1210 nero
896 1147 928 1210 in
940 1147 1060 1210 nnmuis
1072 1147 1157 1210 beati
1168 1147 1323 1216 Michaelis

298 1257 487 1342 archangeli.

379 1370 437 1446 (3)
458 1369 490 1432 Si
505 1367 559 1452 qui
574 1377 678 1432 aulem
693 1367 760 1430 siue
777 1367 894 1430 herede
909 1369 1024 1430 mortui
1038 1365 1169 1442 luerint.
1183 1389 1235 1432 res
1246 1369 1326 1452 ipsu·

1429 1397 1431 1434 l

1429 1437 1431 1462 l

297 1503 366 1548 rum
382 1502 438 1566 pro
453 1481 565 1557 anima,
579 1480 645 1543 siue
661 1481 811 1563 cognatis,
833 1480 1008 1564 cuicunque
1024 1479 1185 1556 noluerint
1199 1479 1324 1546 liberam
1429 1499 1430 1536 l

295 1597 435 1660 habeant
448 1593 625 1658 facultatem
640 1591 852 1674 relinquendi.

379 1705 439 1782 (l)
459 1705 496 1768 In
515 1703 731 1786 legacionibus
751 1710 856 1768 autem
879 1702 924 1766 ire
940 1722 1004 1766 nnn
1019 1703 1156 1766 debeant
1170 1723 1244 1770 cum
1258 1707 1325 1768 nnis·

296 1820 385 1882 sinue
401 1815 452 1878 uel
466 1823 616 1898 precepto
631 1813 779 1888 aliorum,
801 1813 863 1876 nisi
877 1811 1013 1896 receptis
1027 1813 1138 1876 litteris
1152 1815 1282 1878 nestris.

380 1931 439 2008 (5)
466 1930 544 1990 Item
570 1927 709 1990 temetum
736 1947 793 2010 pro
818 1927 971 1991 arundine
997 1926 1076 1990 ultra
1098 1927 1168 2010 Vag
1193 1927 1324 1992 ialeandi
1429 2013 1430 2018 ἵ

297 2043 435 2106 babeant
448 2061 506 2125 pro
521 2061 555 2104 se
570 2040 647 2122 ipsis
662 2038 852 2104 facultatem.

381 2153 437 2228 (6)
459 2153 537 2214 Item
558 2151 590 2212 in
612 2149 700 2232 aquis
722 2169 792 2212 cum
813 2149 954 2232 ipsorum
973 2150 1122 2214 maneriis
1136 2168 1324 2234 quocunqne

296 2263 455 2330 noluerint
468 2263 602 2327 liberum
616 2260 754 2324 babeant
768 2259 932 2322 transitura
947 2268 979 2322 el
992 2279 1148 2323 securum.

379 2379 439 2450 (7)
459 2377 538 2437 Item
549 2373 685 2436 decimas
700 2373 841 2454 ipsorum
856 2372 1096 2436 decimatoribus
1111 2393 1170 2454 pru
1185 2380 1323 2458 tempore

295 2487 469 2551 constitutis
484 2485 610 2548 soluere
626 2485 762 2548 debeant
776 2501 848 2546 cum
862 2483 1006 2565 frugibus
1019 2483 1052 2546 in
1067 2483 1247 2566 manipulis.

374 2599 414 2662 Et
429 2605 462 2659 ut
475 2596 535 2658 hnc
548 2595 701 2678 premissa
715 2595 812 2658 robur
828 2603 978 2682 perpetue
993 2593 1156 2658 obtineant
1172 2594 1321 2658 firmitatis

292 2718 436 2775 nostrum
460 2707 663 2772 concedimus
687 2705 888 2790 priuilegium
913 2705 1005 2788 sigilli
1029 2707 1128 2768 uestri
1154 2705 1320 2775 munimine

292 2820 485 2887 roboratum.
507 2822 614 2884 datum
628 2817 661 2881 iu
676 2819 857 2892 Kamarum,
878 2817 959 2880 seria
973 2819 1082 2900 quinta
1097 2819 1243 2900 proxima
1256 2826 1320 2902 pasl
1428 2815 1429 2842 ³

293 2935 469 3020 quindenas
493 2949 588 3017 pasce
610 2929 739 2994 domini.
783 2935 874 2992 annu
889 2937 993 2994 autem
1016 2929 1134 2992 donnini
1160 2929 1319 2994 millesime
1426 2979 1428 3024 4

294 3047 510 3113 ducentesimo
530 3039 684 3107 Lxxvu.
707 3037 710 3042 ’
