2920 4758
596 1043 833 1170 concurro
868 1082 992 1168 nucu

636 1274 955 1364 LIBERTAS

284 1457 486 1520 HOSPiTUM
494 1456 618 1518 IUXTA
626 1453 968 1520 CASTRUMWALKO
976 1451 1315 1516 contribuendum.

697 1593 897 1656 Mccxxxl.

597 1765 619 1816 E
639 1779 700 1816 mss.
718 1764 843 1830 Stephani
863 1763 997 1829 Kaprinai.

695 1916 902 1930 nunant-a·—

367 2023 557 2088 Coiomanus
573 2025 624 2088 dei
639 2025 744 2108 gracia
763 2046 819 2088 rex
841 2031 873 2087 et
887 2025 950 2086 dux
965 2023 1065 2088 tocius
1080 2022 1246 2085 Seiauonie
1264 2037 1317 2082 sa-

285 2138 381 2202 lutem
398 2147 429 2201 et
443 2157 536 2201 omne
551 2139 679 2200 bonum.
901 2209 905 2212 ,

367 2252 412 2312 Ne
433 2269 472 2314 ea
492 2269 553 2332 que
575 2255 711 2332 aguntur
727 2249 760 2310 in
781 2257 922 2330 tempore
936 2244 1083 2309 labantur
1097 2265 1169 2307 eum
1185 2246 1316 2318 codem,

285 2363 476 2446 prudentum
496 2360 644 2424 stabiliuit
664 2359 868 2442 prouidentia
889 2358 1051 2422 literarum
1068 2357 1249 2420 testimonio
1263 2373 1317 2417 ro-

285 2473 400 2538 borari.
423 2475 462 2535 ad
473 2473 693 2534 uniuersorum
708 2471 801 2552 igitur
813 2471 958 2533 uolumus
972 2469 1140 2552 peruenire
1156 2469 1316 2541 noticiam,

287 2587 370 2667 quod
386 2605 443 2646 nos
458 2585 632 2666 hospitibus
644 2583 732 2646 iuxta
747 2591 880 2645 castrum
892 2581 1023 2644 Valkow
1038 2579 1316 2651 commorantibus,

284 2693 433 2759 uidelicet
447 2696 636 2770 Teutonicis,
658 2695 844 2769 saxonibus,
865 2693 1027 2776 Hungaris
1042 2701 1073 2754 et
1087 2691 1218 2766 Sclauis,
1240 2709 1316 2752 cou-

286 2806 355 2871 siiio
377 2816 408 2870 et
429 2823 585 2871 consensu
607 2807 747 2869 omnium
769 2805 970 2888 iobagionum
992 2811 1173 2868 nostrorum
1187 2803 1316 2865 liberta·

284 2928 348 2984 tem
363 2917 457 2982 talem
473 2919 705 2982 constituimus:

368 3033 426 3106 (1)
446 3038 481 3092 ut
496 3048 622 3090 omnem
637 3041 763 3090 causam
778 3027 860 3089 inter
874 3027 959 3109 ipsos
975 3034 1091 3100 ortam,
1114 3033 1222 3107 preter
1236 3027 1316 3086 effu·

286 3143 406 3206 sionem
432 3141 602 3223 sanguinis,
628 3139 729 3202 maior
754 3139 827 3202 uilie
852 3139 1044 3212 eorundem,
1073 3159 1167 3220 quem
1189 3139 1316 3220 ipsimet

287 3252 503 3335 exposuerint,
523 3251 660 3312 iudicare
675 3257 810 3312 tenetur.
833 3251 1019 3312 effusionem
1033 3258 1139 3312 tamen
1153 3249 1314 3330 sanguinis

286 3386 351 3428 non
371 3385 429 3445 per
444 3383 494 3435 se,
517 3363 574 3424 sed
590 3381 646 3441 per
659 3361 824 3424 ianitorem
840 3363 931 3424 castri
953 3362 1052 3444 possit
1065 3361 1221 3434 iudicare,
1243 3380 1315 3422 cum

288 3495 351 3558 quo
367 3473 514 3535 iudicium
528 3473 643 3534 babeat
657 3491 834 3534 commune.

371 3585 429 3659 (2)
451 3583 619 3644 Statuimus
635 3583 734 3645 eciam
746 3584 832 3664 quod
847 3583 885 3645 de
898 3583 1036 3666 qualibet
1049 3589 1139 3663 porta
1153 3585 1313 3647 annuatim

289 3693 451 3758 dimidium
466 3691 630 3769 fertonem,
645 3695 808 3756 transactis
822 3693 854 3754 in
868 3694 1006 3756 nouitate
1019 3693 1118 3754 tribus
1134 3693 1223 3754 annis
1238 3695 1315 3755 dare

289 3814 465 3879 teneantur,
486 3805 529 3867 ita
542 3813 648 3868 tannen
662 3805 747 3888 quod
761 3805 793 3866 in
807 3803 889 3866 festo
906 3825 929 3866 s.
942 3803 1069 3886 Georgii
1089 3805 1149 3866 tria
1163 3805 1315 3886 pondera,

288 3917 474 3982 insecundo
490 3917 570 3980 festo
586 3939 610 3980 s.
621 3915 747 3981 Martini
760 3916 817 3978 tria
833 3917 972 3998 pondera
987 3915 1214 3996 persoluerent.

371 4031 428 4106 (3)
450 4030 602 4094 statutum
618 4037 666 4093 est
680 4029 815 4104 eisdem,
837 4029 923 4111 quod
937 4027 963 4090 si
977 4026 1047 4110 quis
1062 4028 1129 4091 sine
1143 4029 1314 4092 heredibus

289 4164 328 4208 ex
348 4141 424 4226 ipsis
448 4142 601 4205 decedere
625 4141 802 4224 contigerit,
836 4138 1003 4223 pecuniam
1025 4159 1114 4202 suam
1136 4140 1315 4226 cuicunque

287 4255 384 4326 uellet
397 4254 496 4340 possit
510 4254 689 4340 disponere.
