2924 4758
435 373 460 420 s.
474 375 617 452 naursnsr
629 376 728 451 'ason
749 377 916 447 neccaruu
937 381 960 444 r,
1149 363 1208 438 331

177 527 334 613 accipiant
356 525 526 617 decimam,
554 526 657 592 liberti
681 549 760 592 uero
781 530 961 614 quicunque
987 532 1136 616 episcopo
1159 533 1210 596 uel

175 643 281 738 comiti
297 624 496 716 adheseriut‚
518 641 599 703 sicut
613 641 658 704 eis
676 641 827 726 placuerit
848 643 891 704 ita
907 641 1113 718 habeantur,
1122 645 1210 712 salua

173 764 281 818 tamen
303 753 456 816 libertate
486 739 589 840 qui
563 761 667 814 autem
688 751 874 834 emancipati
890 752 1023 826 suerint,
1046 775 1083 815 eo
1099 763 1208 818 tenore

172 876 280 932 tamen
294 875 329 930 ut
344 866 478 944 ecclesie
493 866 649 938 seruiunt,
669 864 727 948 ipsi
743 865 859 965 nemini
874 863 933 926 nist
926 864 1017 926 solo
1033 867 1208 982 presbitero

173 967 403 1060 administrent.

257 1055 672 1172 [mlnecarnndtmtnlon.
678 1043 855 1150 statutum.
868 1073 1208 1178 quiUngarorumcon}

173 1167 334 1268 suetudini
348 1200 486 1286 legitime
503 1201 681 1263 consentire
701 1201 875 1274 noluerint,
899 1201 1018 1263 scilicet
1041 1211 1207 1285 postquam

172 1315 288 1398 ngari
308 1335 421 1377 carues
436 1313 666 1397 ιιιιιιίιιιιιιιι,Ι
657 1313 717 1399 rpsi
732 1313 847 1377 iterum
861 1313 894 1374 in
908 1315 1046 1376 secunda
1063 1323 1094 1376 et
1109 1312 1206 1406 tercia

172 1427 253 1490 seria
275 1427 486 1500 comederint,
516 1425 543 1488 si
568 1447 602 1502 se
625 1434 732 1517 nostre
754 1403 976 1528 consuetudini
1001 1423 1127 1514 meliori
1142 1449 1206 1516 nou

172 1541 352 1604 consentire
373 1538 524 1611 dixerint,
546 1557 735 1622 quocunque
758 1537 916 1600 uoluerint
938 1523 977 1600 eo
999 1525 1126 1602 uadaut.
1151 1561 1206 1622 pe
1210 1523 1214 1531 ¹

172 1653 298 1736 cuniam
322 1671 400 1714 uero
423 1670 518 1734 quam
546 1649 597 1724 hic
619 1649 830 1734 acquisierunt
851 1651 901 1712 bic
922 1626 1116 1732 relinquant,
1144 1653 1205 1714 nisi

170 1765 253 1828 sorte
268 1755 470 1853 resipuerint,
493 1771 525 1824 et
539 1781 649 1824 carnes
664 1755 829 1824 nobiscum
846 1741 1030 1826 dimiserint
1086 1845 1089 1853 Δ

256 1873 324 1959 (33)
348 1877 391 1936 De
411 1878 495 1938 illato
517 1876 661 1936 uiolencie
680 1877 806 1954 nirpinis
827 1877 873 1937 nel
895 1873 1036 1938 mulieris.
1081 1875 1204 1968 Siquis

170 1986 224 2054 uel
245 1987 360 2070 uirgini
352 1982 432 2050 uel
451 1987 574 2050 mulieri
595 1987 634 2048 de
658 1985 762 2047 uilla
753 2007 786 2047 m
804 1961 912 2050 uillam
932 1988 1019 2050 euuti
1040 1988 1104 2049 uim
1119 1985 1202 2050 iutu-

168 2101 261 2176 ierit,
279 2107 431 2184 quantum
445 2119 502 2182 pro
516 2098 688 2160 homicidio
703 2100 887 2162 tantundem
904 2095 1050 2181 peniteat.

253 2209 320 2294 (ιι)
344 2212 386 2273 ιιι
400 2213 596 2300 decimacionc
616 2231 754 2292 pecorum
771 2213 804 2273 in
823 2213 882 2277 olio
898 2213 1065 2294 episcopatu
1078 2233 1200 2276 noscen-

168 2326 257 2387 cinm.
300 2323 449 2406 Episcopi
471 2323 523 2406 qui
545 2321 791 2386 decimacionem
816 2342 967 2404 pecorum
985 2315 1017 2383 iu
1036 2321 1096 2384 alio
1115 2322 1202 2407 epis-

169 2441 286 2518 copatu
299 2433 471 2516 accipiunt,
493 2409 622 2496 terciam
645 2413 767 2524 partem
787 2417 970 2544 presbiteris
990 2433 1023 2536 in
1044 2454 1102 2544 suc
1118 2435 1201 2517 epis-

170 2553 286 2629 copatu
301 2545 498 2608 manentibus
513 2525 661 2612 tribuant
986 2542 989 2550 ’
1198 2539 1205 2550 ”

252 2654 320 2739 (35)
340 2643 385 2718 De
398 2659 470 2719 satia
469 2659 597 2737 factione
618 2639 800 2750 meretricula
824 2623 868 2722 nel
882 2661 1053 2738 stripnrnm.
1098 2645 1200 2722 Mere-

167 2767 263 2832 trices
284 2776 315 2832 et
329 2769 442 2854 strige,
463 2745 636 2832 secuudum
652 2769 738 2870 quod
753 2767 901 2854 episcopo
917 2771 997 2874 iuste
1013 2771 1116 2872 uisum
1131 2769 1200 2833 sue-

168 2879 226 2972 rit,
246 2875 290 2942 ita
308 2881 526 2945 diiudicentur.
620 2951 624 2955 ,

252 2990 317 3076 (36)
339 2994 382 3056 De
396 2996 533 3056 abbatum
547 2996 593 3059 acl
607 2987 743 3056 monachi
765 2997 860 3056 osculo
875 3015 943 3076 erpa
959 3015 1052 3075 rupem
1066 2997 1112 3064 nel
1125 2997 1199 3076 cpia-

169 3123 284 3185 copum.
328 3104 362 3194 Si
379 3105 546 3188 contigerit
566 3125 674 3188 regem
695 3105 748 3169 uel
769 3107 953 3192 episcopum
972 3109 1012 3170 ad
1027 3107 1200 3191 quamlibet

168 3216 331 3283 abbaciam
351 3218 479 3292 uenire,
501 3217 597 3288 abbas
613 3227 644 3282 et
663 3219 809 3308 monachi
831 3221 871 3282 ad
891 3221 974 3323 regis
989 3219 1041 3284 uel
1057 3219 1197 3302 episcopi

169 3326 313 3390 osculum
338 3349 403 3392 non
427 3327 610 3395 accedant
601 3351 633 3392 ιιι
658 3327 810 3404 ecclesia,
833 3314 890 3431 sed
898 3331 1034 3430 egressi
1055 3331 1088 3392 iu
1113 3329 1198 3393 clau·

168 3448 284 3514 strum,
305 3437 471 3530 ordinatim
486 3449 613 3516 stantes,
634 3443 716 3530 regis
733 3438 783 3506 uel
799 3421 939 3526 episcopi
962 3443 1103 3508 osculum
1126 3465 1198 3526 pre

168 3553 333 3616 stolentur.
362 3575 471 3638 regem
490 3564 594 3618 autem
609 3553 662 3618 uel
677 3557 861 3640 episcopum
878 3576 947 3618 cum
962 3565 1039 3638 quot
1053 3565 1084 3620 ct
1097 3555 1199 3638 quali-

165 3663 226 3744 bus
242 3665 302 3728 sibi
317 3665 482 3748 placuerit,
505 3667 600 3730 abbas
615 3667 784 3730 claustrum
799 3667 915 3756 intrare
931 3669 1100 3751 permittat.

206 3833 209 3836 s
252 3774 318 3863 (37)
339 3779 383 3841 Dc
396 3783 575 3845 salutacione
590 3783 702 3843 abbatis
716 3784 761 3843 uel
775 3772 911 3842 monachi
931 3783 1022 3842 euntia
1037 3783 1077 3848 ad
1089 3803 1195 3863 repom.

167 3888 199 3950 Si
214 3896 322 3952 autem
334 3891 499 3974 contigerit
514 3893 660 3956 abbatem
682 3891 733 3954 uel
753 3870 941 3981 monachum
957 3893 997 3954 ad
1013 3883 1131 3956 curiam
1146 3914 1197 3956 re·

166 3999 215 4100 qis
230 3999 357 4076 uenire,
377 4003 409 4066 iu
424 4003 563 4084 ecclesia
574 4004 625 4066 dei
641 4005 680 4067 ad
694 3975 894 4069 salutandum
915 4026 1023 4088 regem
1044 4026 1109 4097 nnn
1129 4013 1195 4098 eat,

165 4111 223 4174 sed
237 4119 405 4196 postquam
420 4115 554 4180 exiuerit
567 4117 606 4183 de
622 4115 799 4192 ecclesia,
790 4137 823 4178 ιιι
838 4102 931 4218 domo
946 4114 1020 4181 uel
1011 4139 1057 4183 ιιι
1051 4089 1194 4233 tentorio

165 4221 282 4288 salutet
296 4243 378 4288 eum
