2924 4758
271 395 334 462 πθ
470 411 1104 462 mmmmmmmmm

268 573 394 650 tempus
412 565 512 648 ipsius
533 566 808 649 ingrauescencia,
835 565 976 648 paternis
990 565 1217 630 tradicionibus
1238 567 1306 630 iam

269 695 383 759 magna
398 697 439 740 ex
452 685 542 758 parte
556 677 684 752 solutis,
695 679 786 760 regui
800 677 978 742 consultum
992 678 1200 754 labefactare,
1216 680 1305 742 curie

268 788 425 852 bonorem
437 787 609 862 uilescere,
630 789 744 852 timens
761 809 804 852 no
816 788 907 852 miles
921 788 1061 852 insolens
1075 789 1173 874 pacis,
1192 789 1305 854 dome-

268 899 365 968 sticus
379 907 486 963 minen
500 899 642 962 ueritatis
654 899 773 982 hospes
787 900 1003 963 irremeabilis
1015 900 1106 964 lieret
1118 900 1307 984 iniquitatis,

267 1007 358 1094 regni
373 1011 567 1094 principibus
581 1012 792 1094 congregatis,
811 1013 912 1076 tocius
925 1012 1216 1087 senatusconsultu,
1227 1033 1304 1096 pre-

268 1124 325 1190 tati
346 1124 430 1206 regis
444 1131 552 1186 sancte
566 1124 718 1186 memorie
733 1124 884 1205 Stephani
905 1124 1040 1206 legalem
1058 1133 1178 1188 textum
1190 1143 1302 1188 recen-

268 1237 346 1312 suit,
368 1236 408 1298 de
423 1255 488 1318 quo
508 1236 535 1298 si
548 1255 617 1298 rem
632 1237 815 1316 consideres
828 1236 924 1300 nichil
939 1237 1122 1302 comminuit
1134 1238 1192 1300 sed
1206 1238 1302 1311 auxit,

268 1366 335 1410 nou
355 1355 461 1410 tamen
485 1348 576 1428 quasi
599 1345 749 1408 fundator
769 1347 827 1410 scd
847 1346 1116 1429 superedificatur,
1144 1357 1300 1429 quatenus

269 1459 430 1542 primitiua
449 1457 619 1540 plantaria,
648 1459 766 1522 salubri
790 1460 887 1522 ueluti
911 1461 1118 1541 respersionis
1141 1459 1298 1522 infusione

268 1572 410 1654 irrigata,
431 1572 553 1634 iusticie
567 1572 743 1654 percipiant
756 1573 962 1637 incrementa.
992 1579 1024 1635 et
1038 1571 1091 1634 ille
1106 1571 1235 1654 quidem
1250 1571 1298 1633 in-

154 1754 158 1760 ,
268 1683 427 1748 districtus
447 1683 508 1746 icit
527 1683 702 1748 infidelium
723 1691 846 1748 reactor
863 1683 943 1768 legis
963 1705 1021 1765 pro
1040 1684 1299 1766 transgressione,

267 1795 326 1858 iste
337 1795 399 1856 iam
408 1793 549 1856 fidelium
560 1802 645 1857 recte
655 1793 913 1856 ¹conuersacionis
924 1795 1199 1877 argumentatorin
1212 1795 1299 1856 iusti-

267 1905 462 1968 ficacionem.
491 1903 545 1966 ille
564 1905 695 1968 loricam
715 1904 793 1968 fidei
812 1905 965 1988 populum
982 1906 1143 1980 induerat,
1163 1906 1223 1968 istc
1237 1913 1298 1967 ter·

267 2035 345 2080 rene
367 2014 551 2078 ambicionis
571 2016 787 2098 superll'uenta
805 2017 930 2098 cingulo
943 2017 1066 2080 iusticie
1079 2017 1298 2100 precingebat,

267 2128 321 2191 ille
344 2128 451 2210 gladio
473 2127 601 2210 spiritus
616 2129 709 2190 uerbi
723 2129 775 2190 dei
790 2129 976 2210 perterruit,
996 2130 1056 2190 iste
1078 2129 1170 2210 galea
1190 2129 1297 2192 salutis

268 2239 441 2302 decorauit
476 2248 638 2320 postremo
656 2239 741 2300 hunc
766 2247 899 2321 uterque
924 2260 1034 2322 regum
1057 2260 1184 2322 semper
1202 2240 1298 2302 tinem

266 2351 363 2416 rebus
377 2350 536 2432 imposuit,
556 2358 590 2413 ut
603 2352 678 2412 dum
693 2351 797 2414 debita
810 2351 904 2414 ultrix
919 2371 1002 2432 pena
1014 2350 1095 2414 filios
1111 2353 1300 2436 perdicionis

269 2471 519 2536 consummeret,
538 2459 619 2526 lilios
633 2463 917 2544 predestinacionis
930 2463 1102 2528 reluceret
1136 2484 1202 2526 non
1217 2465 1301 2531 enim

267 2575 336 2638 sine
360 2592 456 2636 causa
476 2593 534 2636 rex
553 2573 692 2656 gladium
707 2582 819 2656 portat
846 2576 900 2638 dci
915 2577 999 2638 enim
1012 2577 1155 2640 minister
1168 2586 1217 2640 est
1230 2578 1300 2639 uin-

268 2686 331 2748 dex
344 2686 376 2746 in
392 2683 489 2759 iram,
511 2685 578 2748 eius
593 2687 647 2768 qui
661 2687 778 2750 malam
794 2688 867 2770 agit
889 2707 962 2750 nam
977 2689 1133 2770 principes
1147 2709 1214 2752 non
1228 2696 1301 2778 sunt

269 2796 373 2860 timori
387 2796 461 2859 boni
477 2797 583 2880 operis
597 2798 655 2860 sed
670 2798 754 2860 mali.
786 2798 840 2880 qui
854 2806 903 2862 cst
917 2799 1002 2861 enim
1016 2801 1069 2882 qui
1083 2809 1196 2864 noceat
1209 2801 1300 2865 uobis

268 2910 295 2972 si
308 2909 383 2971 boni
399 2908 587 2974 emulatores
602 2909 734 2974 fueritis.
755 2910 908 2974 hactenus
922 2911 994 2973 hec.
1016 2919 1124 2976 contra
1138 2913 1301 2993 supradic-

270 3029 318 3086 tos
339 3028 444 3084 autem
464 3019 558 3084 huius
579 3021 703 3084 concilii
723 3021 932 3096 detractores,
953 3023 992 3086 de
1011 3023 1142 3105 singulis
1157 3023 1299 3106 capitulis

269 3151 330 3214 quc
352 3133 407 3194 abs
429 3152 464 3196 re
487 3152 557 3196 csse
579 3132 788 3206 mencientur,
811 3153 937 3214 possem
955 3133 1055 3198 eciam
1069 3135 1234 3199 scribendo
1249 3155 1299 3198 sa-

267 3243 428 3318 tisfacere,
449 3243 510 3304 nisi
532 3243 704 3326 epistolaris
724 3264 784 3326 ego
806 3245 961 3308 sermonis
983 3247 1112 3309 modum
1130 3249 1298 3322 excedens,

268 3354 422 3416 modestis
443 3361 496 3416 tue
517 3352 713 3433 opresulum
735 3355 831 3420 decus
854 3376 946 3419 aures
962 3357 1134 3420 timuissem
1146 3359 1298 3422 fastidire.

268 3471 402 3548 possunt
421 3473 528 3526 tamen
548 3462 602 3528 illa
616 3484 656 3526 cx
669 3465 719 3528 his
734 3465 856 3550 colligi,
877 3487 939 3550 que
954 3469 1117 3546 moderata
1133 3469 1208 3532 satis
1227 3471 1299 3532 bre-

267 3576 365 3640 uitate
386 3573 569 3658 prescripsi.
597 3595 709 3638 uerum
731 3585 837 3641 tamen
857 3586 892 3641 tu
914 3580 1058 3654 domine,
1086 3581 1139 3664 qui
1157 3581 1190 3644 in
1204 3581 1297 3644 huius

267 3685 376 3768 populi
396 3685 502 3770 lingue
524 3707 641 3770 genere
662 3687 766 3752 minus
787 3709 839 3752 me
860 3698 1039 3772 promptum
1060 3693 1257 3768 consideras,
1272 3693 1299 3756 si
1408 3713 1409 3716 ’
1453 3717 1454 3746 r

270 3798 346 3882 quid
368 3797 504 3862 calamus
525 3818 543 3862 a
564 3802 703 3882 suscepti
724 3800 845 3864 itineris
862 3803 986 3866 tramite
1002 3803 1223 3878 declinauerit,
1245 3812 1298 3868 tua

269 3928 370 3994 queso
393 3910 485 3974 solita
503 3911 536 3974 iu
550 3933 601 3974 me
615 3911 835 3977 beniuolcncia
854 3920 886 3976 et
899 3933 1097 3994 superuacua
1109 3935 1246 3989 reseces,
1267 3922 1299 3982 et

267 4021 452 4106 imperfecta
473 4022 632 4107 suppleas,
655 4030 758 4090 errata
779 4024 936 4108 corrigas,
958 4029 1123 4092 commode
1145 4029 1225 4092 dicta
1241 4049 1299 4112 pa-

268 4143 357 4202 terna
372 4135 478 4222 gracia
491 4135 665 4218 prouebas,
687 4145 719 4200 et
732 4143 901 4221 antequam
915 4137 948 4202 in
962 4158 1055 4204 aures
1071 4141 1223 4224 prodeant
1238 4161 1316 4224 pu·-

266 4247 1299 4346 immmeQOmmmmwm
