3048 4760
336 457 596 503 consrrrorrorns
610 457 823 504 rnncrronou
837 459 878 503 nr
892 457 1050 508 uonrmmr.
1074 443 1163 508 1298.
1205 445 1265 510 635

320 606 384 693 (lt)
405 609 444 674 Et
469 609 495 684 si
521 609 574 692 qui
601 610 819 693 religiosorum
846 612 1026 676 huiusmodi
1052 617 1265 696 excommuni-

237 730 334 796 catos,
355 722 407 784 uel
432 719 525 798 alios,
552 729 587 784 ut
609 722 754 804 superius
777 730 826 784 est
848 737 1047 804 expressum,
1072 726 1112 788 ad
1133 727 1263 794 ecclesie

235 841 432 898 sacramenta
447 833 622 908 admiserit,
644 833 676 896 in
691 833 757 898 uita
772 835 825 898 uel
839 835 871 896 in
886 843 1002 910 morte,
1024 841 1139 899 extunc
1154 860 1262 903 omnes

235 945 289 1027 qni
305 946 344 1008 de
359 945 417 1008 ista
433 919 586 1026 religione
600 965 671 1008 esse
687 945 924 1028 dignoscuntur,
946 949 986 1010 ab
1001 945 1145 1012 omnibus
1159 953 1265 1032 regni·

234 1056 310 1119 colis
334 1055 535 1136 eleemosyna
560 1056 735 1136 priuentnr.
770 1059 1005 1140 etquicunque
1031 1078 1071 1120 ex
1094 1059 1262 1140 regnicolis

234 1165 379 1236 fratribus
402 1166 484 1232 illius
503 1166 675 1249 religionis,
704 1167 763 1230 sibi
785 1169 936 1250 proximis
959 1169 1010 1232 nel
1030 1168 1139 1232 alicnis
1154 1177 1263 1249 contra

233 1279 292 1342 laec
310 1285 426 1344 statuta
444 1277 662 1362 eleemosynas
682 1280 898 1361 porrexerint,
927 1280 1262 1354 excommunicacionis

232 1392 442 1464 sentenciam,
464 1410 587 1454 exnunc
602 1389 696 1452 latam
710 1390 871 1455 incurrant
884 1391 954 1474 ipso
968 1391 1060 1454 facto.

315 1500 382 1584 (15)
403 1503 553 1566 Dominus
565 1511 670 1566 autem
681 1523 737 1566 rex
749 1504 880 1566 eosdem
892 1503 1178 1580 excommunicatos
1193 1502 1260 1566 sine

233 1613 366 1695 strepitu
392 1613 595 1695 iudiciorum,
622 1613 648 1676 si
669 1614 709 1676 de
732 1613 779 1676 lis
799 1633 856 1696 per
876 1613 1047 1678 ueridicam
1068 1615 1260 1680 relacionem

235 1725 425 1798 conditorii,
444 1726 551 1788 debita
564 1743 648 1806 pena
659 1725 765 1800 feriat,
785 1725 812 1788 si
826 1726 921 1788 ceteri
937 1725 1182 1790 satisfactionem
1197 1749 1261 1807 non

234 1836 427 1909 curaueriut,
449 1843 481 1898 et
495 1837 615 1900 absolui
629 1856 694 1900 non
708 1837 1030 1920 procurauerint-sine
1045 1859 1143 1902 mora.
1248 1913 1250 1919 A

315 1945 382 2029 (16)
400 1947 537 2010 Berones
553 1947 652 2010 eciam
667 1947 720 2012 uel
734 1950 855 2024 nobiles
868 1951 974 2032 regni,
990 1949 1016 2011 si
1031 1971 1088 2030 pro
1104 1952 1259 2034 aliquibus

232 2057 483 2124 malefactoribus
501 2060 751 2134 intercesserint,
771 2061 804 2122 in
825 2060 918 2122 latam
938 2079 1062 2122 exnunc
1078 2081 1260 2124 excommu-

232 2170 401 2234 nicacionis
417 2171 625 2246 sentenciam,
646 2172 807 2235 incurrant
820 2171 890 2252 ipsc
905 2170 997 2231 lacto.

314 2280 380 2365 (17)
402 2282 570 2345 Statuimns
590 2283 707 2356 eciam,
728 2289 762 2344 ut
775 2283 855 2344 sicut
869 2302 908 2343 ex
922 2289 1010 2362 parte
1025 2281 1258 2364 regnicolorum

232 2393 401 2476 precipitur
415 2393 484 2458 lieri
500 2401 721 2478 occupatorum
735 2395 915 2468 restitucio,
936 2395 980 2456 sic
998 2393 1097 2456 eciam
1112 2394 1257 2458 dominus

231 2525 302 2580 rex,
323 2507 363 2568 ad
384 2505 524 2570 omnium
543 2513 782 2588 occupatorum,
804 2526 866 2588 que
881 2505 1100 2580 ecclesiarum,
1122 2513 1154 2568 et
1167 2507 1259 2568 nohi-

230 2617 306 2682 lium
331 2637 400 2680 esse
426 2617 649 2694 dinoscuntur,
677 2615 914 2680 restitucionem
935 2625 1089 2682 teneatur.
1120 2617 1257 2700 quodsi

229 2749 294 2792 non
307 2728 435 2804 lecerit,
457 2731 649 2794 sentenciam
664 2729 999 2794 excommunicacionis
1024 2749 1080 2810 per
1095 2730 1257 2791 dominum

230 2841 501 2922 archiepiscopum
524 2861 563 2902 ex
582 2860 738 2904 consensu
760 2841 968 2924 prelatorum,
996 2841 1178 2914 serendam,
1208 2839 1257 2901 in·

229 2960 343 3017 currat
1048 3026 1051 3031 ,

313 3059 378 3144 (18)
399 3061 438 3124 Ε1
456 3061 483 3124 si
497 3062 601 3145 aliqua
615 3083 688 3146 pars
702 3065 806 3146 regni,
828 3083 1017 3147 quocunque
1031 3065 1121 3128 titulo
1136 3062 1188 3126 uel
1203 3083 1256 3126 oo-

228 3175 310 3249 lore,
331 3195 387 3259 per
401 3193 622 3258 quemcunque
639 3181 751 3258 regum
769 3177 902 3240 alienata
920 3175 1090 3251 extitisset,
1112 3183 1256 3238 teneatur

219 3301 398 3360 reuocare,
421 3295 453 3350 et
466 3286 552 3352 idem
567 3289 712 3352 dominus
727 3309 784 3351 rex
799 3289 838 3352 ad
853 3289 901 3351 ius
916 3288 1052 3371 regium,
1075 3296 1108 3355 nt
1121 3308 1254 3370 regnum

230 3396 396 3478 llungarie,
409 3399 501 3480 quasi
511 3399 670 3480 quoddam
684 3399 732 3462 ius
747 3407 847 3462 totum
858 3419 986 3464 suarum
1001 3399 1099 3482 possit
1111 3399 1253 3480 parcium

141 3579 145 3590 1
227 3485 403 3588 integritate
424 3509 579 3590 gaudere,
601 3511 791 3574 sentenciam
811 3511 909 3594 ipsius
923 3510 1154 3594 archiepiscopi
1168 3511 1253 3572 colo-

228 3617 340 3693 censis,
361 3639 456 3701 quam
478 3620 518 3682 de
537 3639 694 3684 consensu
714 3623 907 3703 prelatorum
926 3625 1030 3706 regni,
1053 3633 1136 3690 esset
1149 3625 1253 3688 incur-

226 3720 329 3802 surus,
349 3729 375 3790 si
395 3729 472 3803 hoc,
493 3729 633 3812 legitimo
655 3732 881 3813 impedimento
903 3743 1062 3810 cessante,
1091 3737 1176 3798 idem
1197 3737 1253 3798 do-

225 3839 327 3902 miuus
341 3857 398 3902 rex
412 3840 587 3922 neglexerit
602 3843 783 3907 emendare.
820 3915 822 3920 ¹
853 3917 857 3924 Ι

309 3946 372 4031 (19)
395 3949 474 4012 ltem
487 3953 671 4028 statuimus,
693 3955 777 4037 quod
793 3955 827 4020 ‘si
842 3957 904 4020 duo
918 3957 1035 4022 fuerint
1048 3959 1177 4034 fratres,
1199 3968 1252 4024 aut

222 4061 331 4142 plores
343 4062 383 4126 ad
398 4062 536 4157 inuicem
550 4064 637 4148 nulla
652 4068 806 4132 diuisione
819 4069 919 4145 facta,
939 4071 973 4134 in
991 4071 1056 4135 suis
1076 4071 1251 4154 possessio-

221 4173 316 4238 nibus
338 4173 549 4252 hereditariis,
580 4185 612 4242 et
633 4199 699 4268 nou
723 4181 882 4264 acquisitis
903 4189 1142 4257 commorantes,
1169 4201 1250 4258 unns

221 4285 362 4362 morum,
389 4287 444 4371 qui
465 4288 579 4356 utilior·
591 4300 623 4358 et
644 4293 748 4358 acrior
765 4299 910 4376 repertus
931 4275 1026 4358 luerit
1044 4294 1127 4358 inter
1146 4295 1249 4376 ipsos,
