2904 4754
325 423 386 490 l68
427 443 515 488 33333
536 441 686 488 inarare
707 439 855 486 armaris
877 439 1034 486 nosrrrmr
1055 441 1095 486 aa
1117 441 1228 485 aesca.
1260 422 1356 486 tait.

409 598 488 673 (13)
510 597 587 659 item
611 595 750 658 duellum
772 595 853 657 inter
876 614 931 656 eos
949 613 1013 656 non
1034 595 1200 668 iudicetur,
1223 594 1281 656 sed
1306 615 1354 657 se·

324 710 463 772 cundum
485 707 665 790 qualitatem
692 715 722 770 et
745 706 951 788 quantitatem
973 698 1145 780 commissi,
1174 725 1353 789 superque

327 819 396 902 quis
409 820 578 901 impetitur,
602 819 824 901 purgacionem
839 818 987 882 exhibeat
1001 828 1238 901 congruentem.

409 929 487 1006 (lb)
507 931 584 993 Item
600 950 697 1011 quum
711 929 841 1012 impetiti
856 929 972 992 luerint
985 950 1044 1011 per
1055 931 1235 1012 quempiam
1250 937 1351 992 entra·

327 1063 438 1115 neum,
460 1063 522 1104 non
542 1042 663 1123 possint
683 1041 816 1124 produci
836 1049 931 1104 testes
954 1051 1133 1104 contraeas
1148 1042 1207 1103 nisi
1222 1041 1349 1123 exipsis
1411 1127 1414 1136 Ι

326 1153 462 1218 uei‘aliis
476 1153 663 1218 habentibus
678 1153 874 1216 consimilem
887 1153 1072 1216 libertatern.

410 1268 487 1341 (15)
510 1265 586 1327 item
601 1274 662 1328 tam
674 1273 788 1327 terram
803 1266 899 1338 Kuer,
920 1285 1014 1346 quam
1029 1266 1075 1328 eis
1091 1266 1129 1327 de
1144 1284 1229 1328 nouo
1244 1273 1349 1327 contn-

327 1379 429 1452 limus‚
451 1397 544 1460 quam
560 1377 646 1450 alias,
661 1397 738 1458 quas
753 1377 841 1458 prius
856 1369 1047 1450 habuerunt:
1066 1377 1206 1440 diuidant
1218 1379 1251 1438 in
1266 1397 1348 1438 com·
1440 1421 1441 1450 ᾖ

328 1490 431 1563 muni,
452 1489 559 1552 habita
573 1489 841 1570 contemplacione
855 1487 1034 1551 facultatum
1050 1489 1231 1562 cuiuslibet,
1253 1509 1349 1572 pran-
1441 1505 1442 1546 3

328 1612 392 1666 tam
414 1601 512 1682 possit
535 1600 639 1662 lacere
662 1607 835 1672 araturam,
856 1619 896 1661 ne
917 1605 1001 1662 terre
1021 1619 1115 1682 supra
1135 1601 1216 1664 dicte
1237 1599 1348 1662 inculte

329 1719 477 1774 maneant
491 1717 523 1772 et
535 1709 654 1770 inanes.
1293 1790 1296 1797 Ι

412 1822 491 1896 (16)
513 1821 592 1881 item
615 1839 713 1882 naues
738 1828 770 1883 et
790 1821 910 1894 carine,
938 1821 1167 1883 descendentes
1193 1829 1225 1884 et
1245 1841 1349 1884 ascea-

331 1935 440 1996 dentes
463 1953 533 1994 cum
555 1932 730 2006 mercibus,
752 1941 784 1994 et
799 1952 910 1994 currus
926 1932 1009 2014 apud
1024 1951 1079 1995 eos
1094 1933 1301 2008 descendant,
1322 1941 1350 1996 et

330 2043 448 2116 iorum,
469 2043 549 2106 sicut
563 2041 658 2124 prius,
680 2043 817 2106 habeant
831 2044 1057 2127 quotidianum.

413 2157 494 2229 (17)
514 2156 593 2217 ltem
615 2155 717 2217 minor
739 2155 849 2230 Pesth,
869 2156 951 2217 ultra
964 2155 1142 2218 Danubium
1165 2154 1235 2233 sita,
1258 2177 1351 2239 quan·

329 2275 396 2329 tum
410 2267 451 2328 ad
465 2283 563 2328 naues
578 2265 785 2328 ascendentes
800 2274 829 2328 et
842 2267 1069 2330 descendentes
1084 2277 1115 2330 et
1127 2267 1282 2330 cibriones
1294 2287 1351 2330 non

330 2378 510 2450 soluendus,
533 2375 686 2438 consimili
704 2377 841 2458 gaudeat
854 2378 1007 2440 libertate

415 2489 492 2562 (18)
513 2489 591 2557 Item
615 2489 712 2550 homo
739 2489 878 2571 magistri
900 2491 1148 2554 Tauernicorum
1178 2501 1351 2556 nostrorum

332 2619 396 2662 non
410 2599 524 2660 debeat
542 2605 625 2660 stare
641 2617 711 2659 cum
730 2599 913 2664 monetariis
932 2601 1015 2663 inter
1028 2602 1130 2684 ipsos,
1154 2605 1211 2666 sed
1226 2625 1305 2667 nnus
1317 2625 1351 2666 er
1443 2579 1444 2584 ἵ

331 2711 402 2792 ipsa
414 2708 487 2772 nilla
507 2707 570 2772 fide
586 2709 698 2792 dignus
712 2709 773 2772 illis
788 2713 973 2786 associetur,
993 2715 1046 2795 qui
1061 2735 1156 2796 super
1169 2716 1351 2797 recepcione

248 2835 250 2845 '
331 2829 457 2884 monete
479 2821 593 2904 regalis
614 2841 721 2884 curam
738 2821 853 2885 habeat
875 2824 1064 2908 peruigilem
1086 2833 1117 2888 et
1135 2827 1274 2908 undique
1290 2825 1353 2890 dili·

332 2943 468 3018 gentem.

408 3047 454 3108 ·Ut
478 3054 582 3108 autem
610 3046 703 3108 huius
728 3047 945 3128 prenominate
974 3047 1124 3112 libertatis
1149 3045 1248 3113 se'ries
1273 3049 1354 3112 salua

333 3177 458 3240 semper
473 3166 505 3220 et
524 3159 711 3220 inconeussa
726 3166 910 3238 perseueret
926 3161 958 3222 in
979 3166 1154 3242 posterum,
1176 3181 1238 3225 nec
1256 3163 1352 3245 aliquo

333 3288 483 3332 successu
502 3276 680 3348 temporum
700 3269 798 3348 possit
813 3269 1009 3350 aliquatenus
1028 3273 1208 3348 retraetari,
1230 3291 1353 3352 presen-

334 3389 397 3444 tem
418 3378 628 3460 eis-paginam
643 3379 790 3440 duximus
811 3382 1062 3457 concedendam,
1083 3383 1262 3447 charactere
1277 3385 1352 3446 halle

334 3499 440 3553 nostre
455 3507 551 3549 auree
567 3487 769 3567 perhenniter
782 3491 972 3553 roboratam.
999 3511 1126 3567 uerum,
1149 3493 1223 3575 quia
1240 3494 1353 3558 exhibi-

333 3603 383 3664 oio
399 3599 633 3682 priuilegiornm
648 3601 804 3681 ipsorum,
818 3604 956 3666 existens
971 3607 1029 3666 sub
1045 3600 1141 3667 aurea'
1154 3605 1252 3681 bulla,
1266 3628 1353 3690 prop-

337 3722 385 3774 ter
398 3711 517 3772 uiarum
534 3711 712 3774 discrimina
725 3713 988 3794 esse-periculosa
1003 3715 1180 3790 uidebatur,
1192 3720 1353 3800 transcrip

334 3829 400 3883 tura
417 3819 557 3883 eiusdem
571 3822 612 3883 de
627 3823 727 3884 uerbo
742 3823 782 3884 ad
797 3824 947 3898 uerbum,
968 3827 1026 3888 sub
1042 3827 1212 3890 munimine
1229 3829 1352 3912 duplicis

335 3929 429 4013 sigilli
442 3932 541 3993 nostri
556 3931 784 4008 concessimus,
805 3952 873 3996 eam
887 3936 1087 4016 presentibus
1107 3935 1203 3999 fidem
1217 3939 1353 4002 uolentes

336 4042 495 4116 adhiberi,
514 4049 549 4104 nt
562 4043 602 4104 ad
617 4043 848 4108 exhibicionem
869 4045 951 4110 illius
970 4046 1353 4134 nullatenascompellan·

335 4164 396 4220 tur.
427 4155 544 4218 Datum
557 4175 616 4238 per
630 4175 740 4220 manus
753 4157 947 4222 uenerabilis
962 4160 1057 4242 patris
1071 4161 1249 4238 Benedicti,
1271 4159 1352 4228 Golo'·

337 4265 439 4335 censis
460 4264 704 4358 archiepiscopi,
726 4268 796 4332 aulo
817 4275 924 4338 nostro
946 4270 1136 4338 cancellarii.
1163 4276 1352 4343 333331313-
