2904 4754
284 401 346 468 out
387 416 474 467 anns
485 421 526 466 rr.
535 412 628 467 mers
641 416 791 468 enarras
801 412 1140 468 remuneremus.
1162 403 1243 470 iffi.

366 577 422 652 (t)
443 581 478 640 ut
491 573 631 640 uillicum
644 575 727 639 inter
740 595 775 639 se
790 575 906 658 eligant
917 576 957 640 de
967 577 1127 639 communi
1141 578 1297 656 uoluntate,

284 695 315 752 et
329 688 464 752 electum
478 689 518 750 ad
533 687 783 778 confirmandum
797 687 888 752 nobis
903 688 1039 751 debeant
1050 697 1239 770 presentare.
1251 691 1297 774 qui

213 847 215 866 .
235 781 237 796 ¹
285 799 412 882 quidem
433 800 519 881 ipsos
536 798 676 880 hospites
698 799 731 862 in
752 797 898 862 omnibus
914 798 1017 861 causis
1032 799 1148 862 debeat
1163 801 1297 864 iudicare.

284 917 316 974 et
329 911 357 972 si
370 909 494 972 uillicus
509 909 541 971 in
555 909 719 974 reddenda
731 910 857 974 iusticia
870 910 910 972 de
925 907 1101 992 hospitibus
1117 910 1240 975 cuilibet
1252 933 1298 976 cx·

282 1030 394 1085 tranen
409 1019 606 1103 negligenter
619 1041 654 1084 se
670 1022 803 1103 gesserit
822 1003 873 1084 uel
887 1021 1049 1093 remissus,
1068 1040 1134 1082 non
1147 1021 1192 1084 illi
1204 1021 1299 1105 hospi-

283 1139 331 1196 tcs
352 1143 462 1196 contra
480 1151 560 1215 quos
575 1131 687 1214 agitur,
707 1132 765 1194 sed
779 1129 912 1204 uillicus,
932 1129 1086 1194 citauions
1103 1131 1185 1194 iacta
1204 1151 1298 1194 coram

283 1233 373 1308 nobis
387 1244 501 1307 debeat
511 1243 690 1318 conueniri,
711 1241 797 1308 iuxta
812 1241 944 1306 aliorum
957 1241 1117 1324 hospitum
1131 1251 1297 1310 nostrorum

282 1355 467 1418 libertatem.

366 1469 422 1544 (2)
444 1467 567 1530 Adhuc
582 1465 775 1540 ordinamus,
797 1473 831 1530 ut
844 1463 968 1530 uillicus
983 1466 1124 1548 ipsorum
1138 1467 1171 1530 in
1185 1467 1299 1532 reuolu-

283 1579 373 1642 cione
389 1577 556 1642 cuiuslibet
570 1577 644 1641 anni
659 1579 773 1642 debeat
786 1579 943 1641 renouari.

367 1692 424 1767 (3)
446 1691 527 1752 Sane
545 1689 702 1765 uolumus,
723 1697 758 1752 ut
778 1690 857 1754 sicot
875 1689 975 1752 libere
996 1691 1142 1765 ueniunt,
1163 1692 1209 1754 sic
1222 1695 1301 1754 rece-

158 1800 162 1805 ’
284 1801 358 1865 dant
370 1799 441 1863 luce
458 1799 560 1875 clara,
579 1801 715 1864 uenditis
735 1799 799 1863 suis
815 1799 945 1862 edificiis
960 1801 1102 1864 eiusdem
1122 1805 1208 1865 terre
1224 1803 1301 1864 inco-

281 1913 330 1987 lis,
349 1912 486 1994 terragio
502 1909 672 1993 persoluto.

368 2024 428 2099 (l)
449 2023 547 2085 Porro
563 2021 785 2098 concessimus,
799 2029 834 2086 ut
847 2021 874 2085 si
890 2023 1010 2105 quises
1023 2023 1099 2105 ipsis
1113 2005 1183 2087 siue
1196 2023 1303 2088 libero·

282 2154 353 2200 rum
370 2135 488 2198 solacio
502 2135 689 2208 decesserit,
712 2135 751 2197 de
766 2133 911 2198 omnibus
932 2134 1025 2196 rebus
1046 2133 1111 2197 suis
1132 2115 1302 2220 cuicunque

282 2247 335 2312 uel
356 2245 596 2332 quibuscunque
619 2245 769 2320 uoluerit,
789 2245 921 2310 liberam
942 2231 1059 2310 habeat
1078 2231 1250 2312 ordinandi
1264 2249 1303 2312 la·

283 2361 438 2424 cultatem.

364 2471 423 2544 (5)
443 2466 590 2531 Preterea
605 2467 831 2544 ordinabimus,
850 2475 886 2532 ut
902 2469 1024 2534 mansio
1040 2469 1180 2551 quelibet
1193 2470 1306 2536 duode-

282 2581 344 2642 cim
368 2580 515 2642 dcnurios
533 2579 566 2640 in
587 2579 706 2642 octauis
725 2601 750 2642 s.
763 2579 888 2664 Georgii
910 2599 967 2662 pro
983 2599 1081 2644 censu
1100 2601 1158 2644 seu
1174 2584 1306 2666 terragio

282 2689 406 2752 soluere
421 2697 576 2753 tencatur.
964 2771 965 2776 ἵ

365 2805 423 2880 (6)
445 2804 523 2868 Item
547 2803 690 2868 dedimus
715 2805 761 2866 eis
786 2791 1024 2886 iorum'quinta
1046 2803 1124 2868 feria
1149 2805 1306 2870 celebran-

281 2915 366 2978 dum.

362 3025 477 3088 Datum
491 3045 549 3108 per
563 3023 834 3098 menusFarcesii,
849 3023 941 3088 electi
951 3023 1106 3101 Albensis,
1120 3028 1191 3091 aule
1203 3035 1305 3092 nostre

280 3135 547 3210 uieecnncellerii,
575 3156 658 3198 enno
683 3136 840 3200 dominico
864 3135 1094 3202 incarnacionis
1112 3137 1304 3201 MCCLXllI.

280 3249 369 3330 regni
384 3257 488 3312 autem
502 3245 602 3309 nostri
616 3265 698 3309 anno
713 3247 854 3308 XXVlll.
898 3245 901 3248 ’
1104 3233 1128 3246 ”
