2924 4758
464 429 490 482 t.
501 425 645 484 monem
664 435 756 483 noers
777 437 943 486 onomrmr
960 439 1002 486 u.
1178 423 1239 490 335

205 591 373 658 eeclesiam
388 593 608 674 suspendatur,
625 601 661 656 et
676 592 777 655 omnis
789 591 909 656 familia
922 595 1083 677 depereat.
1105 603 1137 660 ot
1148 596 1176 659 si
1191 597 1240 660 in·

204 703 380 788 prudencia
397 701 466 766 eius
481 703 534 786 qui
556 711 683 784 ceperat
703 723 777 768 eum
791 707 928 770 suaserit
947 706 980 770 in
1000 705 1165 772 ecciesiam
1186 707 1240 773 nel

203 817 239 878 in
257 815 377 880 curiam
394 816 479 898 regis
497 815 549 878 uei
565 817 606 878 ad
618 817 718 897 pedes
731 815 872 900 episcopi
881 816 894 892 ,’
912 827 1020 884 careat
1035 820 1089 902 qui
1105 839 1169 882 non
1183 839 1238 884 ca·

204 929 254 992 nit
264 925 493 991 uendioacions
508 927 592 990 furti.
615 927 641 991 si
656 927 695 991 do
711 947 805 992 manu
819 927 1013 992 fideiussoris
1030 931 1181 1005 canerit,
1196 933 1238 994 de

204 1041 348 1124 patibulo
363 1040 491 1122 quidem
510 1040 677 1115 liberatus,
699 1059 810 1103 nerum
825 1048 930 1103 tamen
945 1061 1017 1104 curn
1031 1041 1146 1104 codem
1160 1040 1239 1105 fids·

205 1154 328 1216 iussore
343 1153 376 1216 in
391 1151 483 1214 aliam
497 1151 658 1235 regionem
673 1154 894 1228 uenumdetur,
915 1161 948 1216 et
967 1153 1050 1217 bona
1072 1153 1170 1237 ipsius
1188 1175 1241 1220 ro-

203 1264 271 1348 gali
283 1263 361 1328 iisco
376 1265 594 1328 nendicentur.

289 1373 335 1458 (2)
357 1377 401 1440 Dc
413 1381 494 1458 furto
508 1380 596 1440 caui.
641 1378 673 1440 Si
688 1397 801 1441 seruus
821 1377 873 1442 sur
886 1379 1033 1442 inuentus
1047 1379 1156 1454 faerit,
1174 1399 1239 1443 non

204 1487 308 1571 possit
321 1487 429 1570 precio
445 1487 634 1550 commutari·
644 1509 740 1552 nasus
755 1489 833 1563 eius,
852 1489 912 1552 nisi
929 1489 1122 1554 cecideritin
1137 1492 1240 1556 ecele-

206 1599 286 1662 siam
306 1599 359 1662 uel
379 1599 411 1660 in
426 1600 544 1662 curiam
559 1599 642 1682 regis
660 1601 766 1664 netad
782 1603 879 1682 pedes
895 1602 1044 1683 episcopi.
1073 1603 1144 1666 etsi
1158 1603 1240 1666 ceci·

208 1711 291 1774 derit
305 1719 412 1774 eareat
425 1719 530 1774 custm
545 1711 613 1774 eius
628 1711 852 1776 nendicaeionc
867 1712 952 1776 furti.
973 1713 1087 1776 einero
1098 1714 1238 1776 secundo

198 1821 303 1885 bomo
318 1830 426 1904 eaptus
441 1822 555 1896 suerit,
577 1823 799 1904 suspendatur.

289 1933 337 2018 (3)
358 1936 557 2014 Dciipociooc
570 1937 658 2015 furia
701 1934 818 2017 Siquis
834 1943 938 2000 autom
959 1935 1062 2000 iurem
1086 1935 1238 2020 ligaucrit,
1349 1939 1360 1950 ‘

205 2047 321 2112 babeat
336 2045 523 2130 potestatem
538 2067 611 2109 eum
625 2047 742 2129 ligandi
757 2055 790 2113 et
802 2047 938 2112 ducendi
953 2049 993 2111 ad
1008 2049 1157 2124 iudicem,
1171 2050 1245 2112 sino·

116 2171 118 2174 ·
205 2161 287 2222 iuste
302 2159 370 2224 siue
384 2159 499 2222 iniuste
514 2159 670 2240 ligneorit.
698 2159 724 2222 si
746 2168 849 2222 autem
871 2179 943 2222 sum
963 2159 1061 2242 ligare
1077 2161 1147 2244 quis
1164 2179 1239 2242 pro·

205 2271 348 2346 biberet,
371 2271 531 2354 persoluat
545 2269 599 2334 LV
609 2289 737 2352 pensas,
759 2279 790 2334 et
805 2273 938 2334 candem
953 2291 1067 2334 noxam
1081 2272 1193 2334 reddat
1205 2271 1239 2333 in

205 2383 364 2466 ligamine.

290 2491 335 2576 (b)
355 2495 400 2556 Dc
417 2495 600 2575 parperiam
616 2495 702 2575 serti.
754 2493 786 2555 Si
808 2493 989 2576 quempiam
1011 2494 1149 2577 denique
1172 2500 1237 2557 tota
1356 2537 1371 2560 .

206 2605 283 2669 uilia
297 2606 400 2668 iurem
421 2625 493 2669 esse
514 2604 772 2688 proclamauerit,
792 2606 945 2690 probetur
958 2605 1084 2670 iudicio.
1112 2605 1238 2670 undosi

203 2719 344 2780 mundus
363 2716 564 2800 apparuerit,
584 2719 746 2800 persoluat
767 2717 965 2782 solummodo
991 2739 1084 2780 unam
1107 2738 1239 2800 pensam

208 2830 403 2912 presbytero.
432 2829 579 2913 silentem
593 2849 683 2904 reus,
705 2831 807 2893 omnis
825 2831 1004 2894 substancia
1019 2833 1086 2893 eius
1100 2831 1240 2894 uindice·

207 2949 261 3003 tar
273 2941 355 3023 regi,
375 2942 461 3004 undo
473 2941 569 3003 detur
582 2941 625 3002 IV
635 2959 708 3022 pars
722 2939 859 3002 ubianis.
881 2939 908 3004 si
922 2957 1000 3004 uero
1015 2941 1152 3021 ationem
1166 2959 1240 3021 per-

209 3052 359 3115 sonaliter
381 3052 484 3115 iurum
509 3071 578 3115 esse
601 3052 859 3134 prociamauerit,
879 3053 1033 3134 accipiant
1048 3071 1142 3114 unam
1163 3070 1241 3134 pen-

208 3180 286 3227 sam.
307 3163 333 3226 si
347 3173 453 3227 autem
466 3183 527 3228 una
543 3165 825 3246 parsaecasaucrit
838 3164 949 3238 farem,
964 3163 1023 3226 aiio
1038 3182 1118 3228 uero
1130 3163 1241 3226 defen·

210 3275 306 3351 derit,
326 3295 391 3340 non
411 3275 583 3357 recipiatur
598 3260 708 3338 eoru'm
723 3274 878 3338 defensio.
906 3282 939 3337 et
958 3276 1091 3356 probato
1109 3275 1178 3337 iure
1192 3273 1241 3336 iu-

211 3387 306 3462 dicio,
328 3389 354 3450 si
369 3387 530 3470 culpabitis
545 3387 820 3461 imminuamus,
841 3406 905 3448 non
919 3386 1057 3450 habeant
1070 3394 1193 3468 partem
1207 3385 1240 3449 in

211 3507 324 3581 quarta
338 3503 426 3580 parte
440 3497 677 3562 uindioaeionis.
980 3505 983 3510 '

293 3607 340 3692 (5)
361 3611 406 3672 Do
418 3611 611 3690 inquisitione
623 3611 800 3691 sustineret.
844 3609 962 3692 Siquis
983 3608 1116 3692 uestigia
1135 3607 1242 3693 sequi-

212 3728 262 3784 tur
275 3721 390 3786 furtiue
412 3721 475 3795 rei,
492 3719 647 3784 *nuncium
669 3722 827 3802 promittat
844 3719 878 3782 in
892 3721 1015 3794 ailiam,
1034 3719 1069 3782 in
1084 3739 1179 3802 quam
1194 3721 1241 3784 di·

211 3833 316 3916 rigunt
339 3833 482 3915 uestigia.
498 3832 599 3914 'quod
624 3830 651 3894 si
676 3831 901 3894 contumaciter
925 3831 1073 3907 fecerint,
1101 3831 1241 3914 perditas

210 3963 263 4008 res
278 3943 470 4026 persoluant.
491 3943 519 4007 si
531 3953 637 4006 autem
651 3941 834 4026 priusquam
847 3944 983 4010 nuncius
998 3943 1121 4008 nocuit
1133 3943 1241 4006 uiliani

212 4057 409 4120 excusserint
426 4056 541 4120 bestias
556 4073 645 4130 suas,
659 4063 733 4118 tum
746 4056 1242 4139 inuestigatorespersorutentur

210 4167 349 4250 singulas
371 4169 481 4232 domos
501 4175 537 4231 nt
555 4166 633 4250 ipsis
654 4165 816 4248 placuerit.
844 4167 871 4230 'si
885 4167 936 4230 oui
950 4165 1080 4250 perierit
1098 4185 1168 4242 res,
1190 4172 1242 4230 eat

206 4295 282 4344 eum
303 4280 434 4356 testibus
453 4279 898 4364 tamastnuosaigarearem,.
915 4277 975 4342 ubi·
984 4277 1143 4362 putauerit
1158 4285 1240 4342 esse.
