2904 4754
293 455 381 503 arna
395 443 811 502 marcomannorum
826 437 961 500 neemia
988 432 1079 498 1255.
1140 427 1202 496 tol

164 609 388 674 ducentesimo
414 606 676 690 quinquagesimo
701 611 829 689 quarto,
857 604 948 669 nonis
971 603 1117 686 Augusti,
1132 621 1203 687 ¹per

164 741 281 786 manus
301 717 463 783 Benedicti
485 717 714 800 archiepiscopi
734 717 972 800 strigoniensis,
1002 716 1073 780 aule
1093 721 1202 779 nostre

165 829 365 905 cancellarii,
385 827 476 912 regni
494 847 573 891 uero
589 827 688 892 nostri
703 845 785 892 enno
802 828 926 892 decimo
940 845 1036 891 nono.

459 1305 460 1312 κ
519 1251 635 1337 ΒΜ
653 1179 856 1338 ttsltlttt
950 1280 952 1286 ·

337 1441 693 1518 CONSTITUTIO
717 1443 790 1518 nlo
814 1440 1041 1520 nncllttts.

612 1596 760 1660 uccnv.
821 1589 822 1593 ‘

346 1747 347 1750 Ἴ
404 1766 589 1818 lltronsunrto
606 1765 732 1818 Uladielai
750 1747 785 1819 ll.
803 1783 869 1820 anuo
891 1767 961 1822 150⁴.

580 1921 779 1934 Ἀ*

254 2055 317 2118 llos
337 2053 415 2118 liele
432 2053 484 2118 dei
498 2054 603 2136 gracia
616 2057 673 2117 r'ex
687 2051 847 2138 Hungarie
869 2065 900 2121 et
915 2055 977 2120 dux
992 2059 1093 2142 Styrie
1109 2060 1205 2144 signi-

169 2169 303 2232 ficamus
317 2167 484 2240 uniuersis,
499 2166 699 2248 presencium
714 2185 771 2246 per
779 2175 932 2230 tenorem.
947 2171 1033 2252 quod
1045 2189 1115 2234 cnm
1124 2173 1205 2236 inter

170 2277 412 2344 archidiaconos
434 2275 568 2340 ecclesie
589 2275 757 2338 canonicos
779 2277 819 2338 ab
832 2297 896 2339 nna
910 2286 998 2360 parte
1014 2285 1045 2342 et
1058 2281 1205 2344 sucerdo-

169 2402 219 2457 tes
247 2389 388 2454 eiusdem
410 2387 543 2452 diocesis
572 2409 612 2452 ex
633 2389 732 2452 altera
753 2389 927 2471 questionis
954 2392 1084 2456 materia
1108 2413 1205 2476 snper

171 2521 313 2585 congrua
332 2499 482 2583 porcione
509 2500 708 2564 sacerdotum
732 2509 764 2566 et
788 2501 976 2584 quibusdam
1000 2504 1069 2568 aliis
1093 2505 1206 2571 luisset

172 2615 315 2688 suborta,
345 2612 466 2694 etipsa
487 2631 581 2676 causa
603 2609 724 2675 diucius
742 2613 910 2695 protelata,
940 2615 1066 2679 tandem
1090 2617 1206 2700 placuit

171 2727 249 2810 ipsis
270 2723 500 2788 archidiaconis
522 2731 557 2786 et,
576 2723 746 2796 canonicis,
769 2743 806 2786 ac
827 2727 1045 2791 sacerdotibus
1065 2738 1206 2794 nostram

172 2857 270 2921 super
291 2837 340 2900 his
361 2835 598 2899 ordinacionem
617 2841 790 2916 acceptare.
813 2835 953 2917 partibus
973 2835 1078 2920 itaque
1098 2861 1205 2904 coram

172 2947 266 3011 nobis
287 2945 496 3030 personaliter
514 2945 708 3020 constitutis,
732 2944 842 3008 habito
864 2944 1070 3027 prelatorum,
1092 2951 1208 3031 princi-

173 3079 252 3143 pum
271 3063 304 3121 et
321 3057 556 3120 consiliaromru
572 3064 752 3118 nostrorum
772 3063 904 3120 tractatu
920 3057 1077 3140 diligenti,
1098 3079 1208 3124 econ·

173 3169 245 3232 silio
271 3185 306 3231 uc
331 3187 462 3232 assensu
488 3165 678 3232 uenerabilis
703 3166 821 3230 domini
847 3167 1075 3252 archiepiscopi
1103 3171 1208 3235 taliter

176 3279 411 3362 ordinauimus,
431 3279 514 3342 inter
527 3286 632 3361 partes
647 3278 731 3361 ipsas
746 3281 970 3362 acceptandum
986 3287 1018 3344 et
1032 3285 1208 3366 approban-

177 3393 271 3458 dum:

260 3503 317 3579 (1)
339 3502 425 3586 quod
447 3508 560 3584 quarta
578 3520 651 3584 pers
673 3509 785 3583 quarte
803 3503 901 3585 partis
916 3503 1054 3567 omnium
1072 3505 1210 3573 decima·

177 3633 248 3678 rum
269 3613 311 3676 ad
332 3612 513 3676 sacerdotes
527 3612 699 3693 pertineat,
720 3620 784 3675 tres
799 3633 878 3676 uero
892 3621 1000 3696 partes
1014 3616 1055 3682 ad
1069 3624 1209 3682 rectores

177 3746 236 3790 seu
249 3726 426 3808 magistros,
437 3723 607 3788 canonicos
620 3723 768 3787 uidelicet
781 3723 914 3788 ecclesie
928 3726 1128 3792 cathedralis.

137 3827 146 3841 '
181 3869 186 3874 ⁴
260 3838 317 3913 (2)
341 3835 561 3900 Obuenciones
586 3844 692 3897 autem
717 3834 898 3898 oblaciones
924 3855 960 3898 ac
984 3841 1155 3904 mortuaria
1179 3850 1211 3906 et

178 3959 285 4016 cetera
306 3949 426 4010 minuta
445 3947 546 4010 libere
568 3965 606 4010 ac
618 3946 813 4030 integraliter
828 3946 888 4030 ipsi
907 3949 1089 4014 sacerdotes
1109 3955 1213 4034 perci·

179 4062 280 4146 piant,
301 4061 441 4144 exceptis
454 4059 660 4142 proruentibus
675 4066 707 4124 et
724 4059 975 4125 obuencionibus
994 4061 1078 4126 illius
1091 4063 1164 4128 festi
1176 4065 1211 4128 in

180 4175 268 4240 cuius
288 4173 412 4238 bonore
425 4171 560 4236 ecclesia
581 4180 630 4238 est
647 4179 842 4249 constructa,
863 4193 942 4258 quas
956 4173 1095 4258 magistri
1108 4175 1213 4258 perci·

181 4285 284 4370 piant,
305 4303 371 4348 non
389 4289 495 4348 tamen
513 4303 571 4368 per
585 4283 771 4349 submissam
791 4303 959 4369 personam
974 4284 1132 4362 laicalem,
1153 4285 1212 4354 sed
