2924 4758
255 436 317 504 348
497 451 677 502 cnsursnar
697 454 787 500 naurs
809 453 977 500 oacnmnu
997 453 1046 500 ιιι.

257 609 396 694 qninquc
419 630 533 694 pensas
554 610 726 694 persoluat.
757 610 854 674 iudex
874 627 952 672 uero
975 626 1032 690 pro
1054 626 1113 672 sno
1134 606 1289 682 iudicatu,

256 725 318 786 nisi
331 724 364 786 in
378 743 442 786 uno
458 743 551 800 anno,
574 731 684 804 postea
698 741 762 784 non
775 721 1002 784 introducatur.

342 832 407 916 (27)
430 837 473 898 Da
487 838 684 918 spernentibus
704 835 831 916 sipittum
853 833 970 896 iudicia.
1012 832 1045 894 Si
1064 831 1133 914 quis
1153 831 1289 916 sigillum

257 946 370 1009 iudicis
383 948 563 1030 negligens,
590 947 629 1008 ad
646 965 772 1010 causam
788 965 852 1007 non
865 945 1003 1018 uenerit,
1032 945 1134 1026 primo
1150 945 1289 1026 quinque

258 1057 366 1140 pensis
379 1057 545 1140 puniatur,
566 1058 593 1120 si
606 1058 765 1132 secundo,
786 1057 932 1132 tou'dem,
955 1056 981 1121 si
997 1056 1105 1130 tercio,
1129 1057 1290 1118 racionem

260 1170 386 1252 perdat,
408 1178 561 1232 attonsus
576 1170 728 1232 reddatur
742 1189 800 1252 pro
817 1169 934 1232 debito.

344 1279 410 1362 (28)
431 1282 476 1344 Da
496 1283 541 1344 bis
563 1284 613 1362 poi
633 1284 713 1343 domi
737 1285 866 1363 [coemat
880 1302 1025 1364 puppam.
1075 1281 1109 1344 Si
1128 1282 1183 1362 qui
1206 1281 1290 1346 domi

259 1394 482 1480 pugnauerint,
502 1401 534 1457 et
548 1395 587 1456 ad
602 1393 736 1458 iudicem
752 1413 816 1456 non
829 1393 990 1468 uenerint,
1004 1392 1049 1454 nil
1061 1401 1172 1476 querat
1185 1395 1291 1456 iudex.

261 1507 291 1570 si
301 1508 447 1569 uenerint
461 1507 501 1568 ad
515 1506 563 1570 ius
578 1506 657 1580 eius,
675 1506 730 1570 {iat
743 1505 875 1568 libitum.
898 1506 1025 1588 quodsi
1040 1507 1220 1570 concordati
1235 1505 1293 1570 ali-

262 1617 338 1702 quid
359 1616 456 1680 iudici
475 1617 549 1680 inde
572 1617 734 1692 dederint,
756 1617 887 1682 terciam
908 1617 984 1692 sibi,
1012 1619 1090 1682 duas
1105 1598 1209 1700 partes
1224 1618 1291 1702 regi

261 1738 378 1794 seruet.
1189 1797 1192 1802 ,

344 1839 409 1924 (29)
429 1845 474 1906 Dc
488 1844 661 1916 cursoribus,
685 1845 736 1924 qui
753 1845 832 1906 ultra
847 1845 969 1906 tercium
984 1846 1086 1906 uittam
1102 1863 1187 1924 equos
1201 1843 1293 1906 deuce-

261 1957 335 2019 rint.
378 1957 477 2018 Nemo
492 1975 655 2020 cursorum
674 1957 789 2020 audeat
804 1957 920 2020 ducere
937 1977 1053 2038 equum
1068 1957 1150 2020 ultra
1163 1957 1295 2023 terciam

226 2095 238 2120 s
263 2067 387 2144 uillam,
408 2065 461 2128 nel
484 2067 628 2148 accipere
650 2067 691 2128 ad
711 2066 878 2130 ecclesiam
900 2068 1065 2142 euncium,
1085 2067 1137 2133 uel
1151 2067 1293 2132 uenden-

264 2178 364 2253 cium,
384 2178 452 2242 siue
473 2179 515 2240 ad
536 2177 655 2242 curiam
674 2178 894 2260 episcoporum
918 2179 969 2242 uel
992 2181 1157 2254 comitum,
1179 2199 1238 2242 nec
1253 2180 1293 2242 de

262 2292 447 2374 presbiteris
462 2299 515 2353 aut
529 2291 660 2364 clericis,
682 2310 719 2354 ac
736 2293 881 2354 curribus
897 2313 1018 2359 corum.
1045 2292 1175 2375 accipiat
1189 2300 1294 2356 antem

264 2402 501 2486 qualescunque
522 2402 681 2466 inuenerit
701 2423 819 2485 equos,
840 2411 875 2465 nt
888 2404 971 2486 regis
984 2403 1106 2486 legacio
1121 2403 1218 2466 cicius
1238 2423 1311 2495 ex·-

264 2513 419 2596 pediatur.
441 2515 467 2576 si
484 2515 554 2598 quis
572 2521 677 2576 autem
700 2533 863 2579 cursorem
885 2517 1117 2590 uerberauerit,
1139 2516 1295 2598 quinqua·

266 2625 353 2710 ginta
365 2625 483 2708 pensis,
497 2627 524 2688 si
536 2626 604 2689 lora
619 2627 687 2692 eius
702 2627 876 2702 retinuerit,
894 2628 1004 2690 decem
1018 2630 1123 2710 pensis
1139 2628 1296 2708 puniatur·

350 2734 415 2820 (30)
437 2739 481 2800 Dc
495 2740 675 2823 pauentibus
687 2742 873 2824 perditorum
887 2761 995 2802 rerum.
1037 2741 1069 2802 si
1083 2741 1155 2824 quis
1169 2759 1299 2808 seruum

266 2849 447 2932 fugitiuum,
468 2849 522 2914 uel
543 2851 754 2935 quodcunque
777 2853 933 2936 porditum
948 2874 1083 2936 querere
1102 2853 1254 2928 uoluerit,
1275 2872 1298 2922 a

266 2963 393 3028 nemine
414 2963 629 3046 prohibeatur.
655 2965 682 3028 si
703 2967 774 3048 quis
795 2974 900 3031 autern
918 2967 1130 3048 prohibuerit,
1151 2966 1204 3028 uel
1218 2985 1297 3047 qne-

266 3081 389 3138 rentem
407 3076 639 3168 uerberauerit‚
661 3077 773 3142 decem
793 3077 934 3140 iuuencis
953 3077 1166 3154 mulctabitur,
1186 3077 1297 3144 ualen-

267 3184 350 3248 tibus
367 3185 477 3250 decem
490 3207 615 3270 pensas.

513 3633 690 3674 rxrntclortt·
710 3635 845 3675 uacum
866 3635 1052 3680 s.caotsut1.
