2920 4758
264 409 325 474 tte
368 427 497 474 means
518 429 552 472 ιι.
572 425 662 474 naeu
681 425 831 474 erasurus
848 423 1055 474 crememur.
1099 407 1188 473 Μ

264 599 349 653 rem,
376 579 444 661 ipsc
468 578 565 642 laium
591 597 630 642 eo
652 577 724 660 ipso
746 595 936 642 auocauere
961 577 1166 658 pcriudicium
1190 577 1307 640 iaciat.-

265 690 341 774 quia
353 691 499 754 uolumus
518 697 549 754 et
566 689 742 763 statuimus,
752 697 796 752 -ut
814 687 919 752 nullus
932 689 1120 758 clericorum
1134 695 1207 752 antu
1223 707 1302 769 per-

264 823 374 866 sonam
399 802 539 864 trahatur
556 799 746 874 secularem,
775 819 836 862 nec
858 801 1004 882 cuiquam
1024 800 1195 874 laieorum,
1219 801 1301 862 dun

263 914 412 978 rridclicm
436 933 456 976 a
476 913 557 976 laico
583 911 742 994 impetitur
773 911 808 974 in
830 911 900 976 iuro
926 912 1116 978 secularium
1143 911 1301 986 indicum,

264 1025 459 1107 respondere
482 1032 639 1088 teneatur.

347 1133 391 1215 (2)
412 1135 588 1198 sicutenim
611 1135 690 1198 ordo
711 1134 848 1200 samonis
870 1131 981 1217 erigit,
1003 1142 1037 1198 ut
1052 1134 1078 1198 si
1089 1134 1189 1198 laium
1204 1133 1299 1197 cleri-

265 1266 338 1310 cum
363 1246 402 1308 de
423 1265 613 1328 quocunque
637 1246 828 1309 conuincere
859 1245 1010 1320 uoluerit,
1037 1247 1165 1330 prelatis
1194 1247 1300 1310 ordini

265 1357 429 1419 clericatus
445 1357 618 1438 deputatis,
639 1355 900 1438 archiepiscopis,
922 1355 1094 1438 episcopis,
1115 1357 1297 1438 prepositis,

265 1469 492 1532 archidiaconis
512 1488 570 1532 seu
585 1469 731 1541 decanis,
751 1466 803 1530 uel
817 1467 1007 1550 quibuslibet
1022 1465 1090 1531 aliis
1100 1468 1297 1530 ecclesiasti-

265 1579 309 1643 cis
328 1580 485 1644 iudicibus
507 1601 564 1644 sue
588 1599 697 1643 causse
718 1588 876 1661 proponat
895 1580 1026 1653 seriem,
1046 1579 1190 1644 similiter
1204 1581 1297 1644 uolu-

264 1713 350 1767 mus,
372 1703 407 1757 ut
428 1694 455 1754 si
474 1693 634 1774 quispiam
655 1690 842 1754 clericorum
865 1710 934 1752 cum
950 1691 1083 1754 seculari
1100 1691 1204 1752 iudice
1219 1709 1296 1754 coa·

265 1805 386 1876 ueniat,
409 1815 440 1868 et
463 1803 545 1865 sicut
563 1801 742 1866 clericalem
764 1804 855 1870 dccet
873 1801 1090 1875 honestatem,
1110 1802 1219 1867 habito
1239 1804 1295 1866 de-

264 1916 328 1977 bite
352 1915 510 1978 caucicnis
533 1915 763 1988 moderamine,
783 1914 833 1976 ius
848 1914 985 1976 suumin
999 1913 1223 1976 foroiudicum
1243 1935 1295 1978 se·

266 2025 420 2088 eularium
436 2032 651 2108 persequatur.
673 2026 698 2086 si
713 2025 796 2087 enim
810 2045 947 2108 persona
962 2025 1113 2088 clericalis
1128 2044 1146 2086 a
1161 2025 1241 2088 laico
1253 2027 1294 2088 ad

265 2138 386 2201 iudices
406 2137 566 2202 seculares
586 2137 781 2211 traheretur,
807 2137 951 2202 conlusio
976 2140 1075 2220 magis
1097 2157 1192 2220 quam
1214 2139 1292 2200 ordo

264 2257 456 2325 seruaretur,
481 2256 517 2312 ut
537 2237 694 2312 uiol'encia
712 2249 773 2312 iuri
794 2249 904 2331 pocius
924 2269 1018 2332 quam
1035 2250 1157 2312 iusticia
1176 2249 1294 2313 insere·

263 2370 331 2426 tur:
353 2363 410 2425 sed
425 2362 573 2443 utrinque
588 2361 803 2444 prouidenter,
824 2361 904 2424 sicut
918 2361 1021 2424 ordini
1037 2361 1207 2442 spiritualis
1226 2362 1295 2442 api·

162 2527 164 2532 .
264 2473 309 2534 cis
330 2473 409 2534 nibil
429 2471 589 2544 subtrahi,
610 2472 654 2533 sic
674 2471 706 2534 iu
728 2471 814 2534 nullu
834 2471 937 2534 laicali
960 2471 1103 2556 dignitati
1123 2481 1241 2546 tamen,
1261 2472 1294 2534 in

264 2581 312 2644 bis
334 2603 395 2663 que
411 2583 450 2644 ad
465 2582 568 2644 forum
582 2581 693 2646 laicale
709 2584 884 2663 pertinent,
905 2585 1052 2647 uolumus
1068 2584 1223 2667 derogari.

346 2694 403 2768 (3)
424 2693 572 2758 Preterea
594 2693 663 2775 pari
684 2693 829 2759 firmitate
849 2695 1048 2771 succinimus,
1069 2695 1221 2770 utnullus
1235 2695 1296 2758 bo-

263 2806 383 2868 minum
404 2813 565 2870 tonsuram
586 2806 707 2870 habeus
728 2805 924 2880 clericalem,
944 2807 1062 2869 liberos
1078 2807 1225 2870 denarios
1242 2808 1294 2870 u'cl

262 2917 423 2998 pondera,
453 2935 510 2978 seu
533 2935 754 2998 quemcunque
776 2936 905 2980 censum
928 2918 968 2980 ad
993 2917 1105 2981 fiscum
1133 2918 1295 3000 pertinen·

262 3036 327 3092 tem
348 3025 473 3092 soluere
492 3036 647 3092 tencatur.
674 3037 706 3090 et
725 3029 751 3090 si
772 3027 922 3092 collector
936 3029 1132 3110 publicorum
1153 3030 1294 3112 uectiga-

262 3137 338 3200 lium
353 3139 411 3200 bec
426 3139 465 3200 ah
481 3138 527 3200 eis
541 3139 668 3220 exigere
689 3137 740 3202 uel
756 3158 920 3220 superous
937 3139 1132 3202 descendere
1146 3139 1293 3214 uoluerit,

263 3269 359 3313 manu
373 3249 478 3311 ualida
492 3257 652 3332 umquam
673 3249 724 3312 sur
738 3257 770 3312 et
783 3259 891 3332 raptor
905 3251 1038 3332 turpiter
1053 3251 1238 3331 expellatur.
1267 3251 1293 3320 si

264 3362 334 3442 quis
348 3359 449 3420 eciam
467 3367 645 3422 nostrorum
660 3358 899 3442 iobbaqionum,
913 3367 1191 3443 quantumcunque
1206 3379 1293 3443 mag-

263 3491 334 3544 nus,
358 3471 470 3532 horum
496 3470 622 3550 aliquod
646 3471 750 3534 lacere
775 3486 871 3554 super
892 3489 947 3536 eos
969 3473 1186 3546 attentauerit,
1208 3473 1293 3537 idem

265 3581 498 3646 eiconsusionis
509 3583 714 3664 opprobrium
729 3583 945 3659 inseratur,1ct
959 3585 1048 3666 regie
1063 3583 1292 3667 indignacionis

264 3694 460 3755 sentenciam
491 3694 627 3774 grauiter
657 3705 824 3758 mereatur.
865 3696 956 3761 decet
980 3696 1079 3770 enim,
1107 3705 1142 3756 ut
1169 3696 1250 3758 sicut
1274 3715 1293 3758 a

264 3803 353 3866 laicis
370 3804 474 3867 clerici
489 3805 661 3869 ministerio
683 3825 742 3868 nec
756 3825 820 3868 non
834 3805 920 3869 cultu
934 3815 1007 3869 sunt
1020 3805 1179 3888 dispares,
1200 3806 1246 3870 sic
1260 3808 1293 3868 in

264 3916 363 3978 diuini
376 3915 551 3978 libertatem
567 3915 659 3978 officii
675 3915 807 3980 seculari
822 3919 1002 3999 grauamine
1017 3919 1079 3982 sint
1092 3924 1251 3999 expertos.

346 4026 405 4104 (l)
424 4027 512 4092 istud
524 4035 630 4088 tamen
644 4027 829 4092 securitate
843 4029 930 4112 regia
942 4027 1076 4098 firmiter
1085 4030 1293 4112 precipimus:

264 4147 419 4221 quatenus
444 4137 548 4200 nullus
572 4144 752 4200 nostrornm
772 4139 1023 4204 udrrarnioorum
1048 4141 1115 4204 siue
1138 4141 1292 4216 ciuilium,

263 4249 331 4316 siue
347 4251 562 4338 cuiuscunque
578 4247 736 4318 seruitutis
752 4247 827 4338 iugo
842 4251 1054 4344 subditorum,
1074 4252 1292 4320 adtonsurum
