3048 4760
345 1073 348 1078 ’
402 1083 405 1088 ·
530 1091 721 1212 runnu
745 1093 804 1212 ru.
828 1093 971 1179 uon.

228 1213 495 1347 ninnnnns
516 1270 705 1347 minum
727 1271 798 1345 nn
819 1227 1256 1348 ounnrcnnnnun.

254 1439 257 1444 ·
477 1415 479 1420 ’
601 1429 604 1436 ’
670 1411 819 1490 niceno.

430 1565 432 1572 ,
559 1583 583 1636 Ε
606 1582 709 1637 murdse
724 1583 922 1650 Wspnsrianis.
971 1543 973 1550 Ι

634 1734 841 1753 *auant-—

281 1883 284 1890 .
312 1844 487 1920 Ladisiatus,
513 1842 685 1924 dei-gracia
704 1863 771 1907 rex.
801 1843 908 1928 Regali
931 1831 1081 1909 incumbit
1102 1845 1257 1911 maiestati

230 1977 306 2022 suos
319 1951 461 2021 subditos
480 1955 713 2021 turbaoionibus
729 1964 760 2019 et
778 1957 1018 2022 necessitatibus
1033 1979 1203 2040 oppressos
1217 1959 1257 2023 ab

229 2069 503 2153 ipsa-turbooione¹
524 2077 557 2132 et
576 2053 766 2132 necessitate
785 2069 1030 2132 misericorditer
1043 2071 1205 2145 releuare,
1227 2079 1259 2134 et

221 2181 361 2246 eosdem
379 2180 553 2243 in‘iuribus
569 2166 679 2243 eorum
698 2174 889 2242 indemniter
903 2161 1107 2243 conseruare.
1135 2181 1257 2244 Deinde

231 2295 272 2358 ad
285 2293 506 2357 uniuersorum
526 2292 672 2356 noticiam
688 2299 798 2355 tenore
812 2291 1012 2374 presencium
1026 2291 1172 2356 uolumus
1187 2313 1260 2374 per-

228 2405 354 2480 uenire,
375 2407 461 2490 quod
483 2392 596 2480 iudex,
616 2389 710 2468 iurati
730 2410 762 2469 et
781 2403 923 2468 uniuersi
945 2387 1031 2468 oiues
1052 2403 1091 2467 de
1112 2403 1259 2487 Gplnioh-

230 2517 323 2580 banis
341 2517 453 2580 fideles
476 2515 592 2591 nost-ti,
613 2517 654 2580 ed
673 2523 812 2580 nostram
836 2517 1024 2582 aecedentes
1044 2515 1259 2599 presenciam,

231 2629 354 2694 anobis
368 2625 528 2692 humiliter
542 2626 749 2710 supplicando
764 2627 979 2710 postularunt,
1007 2635 1042 2692 ut
1056 2627 1114 2692 uos
1129 2630 1259 2693 eosdem

230 2741 263 2803 io
277 2737 474 2803 libertatibus
488 2757 612 2814 eorum,
626 2737 709 2820 'ipsis
724 2759 782 2821 per
795 2739 902 2802 Belum
922 2759 1017 2802 auum
1031 2749 1171 2815 nostrum
1186 2737 1261 2802 oha-

230 2849 403 2923 rissimum,
425 2856 458 2912 et
473 2867 529 2932 per
543 2848 737 2932 Stephanum
758 2857 896 2932 patrem,
923 2831 1197 2934 reges'iuustrium
1211 2869 1261 2912 re-

231 2959 455 3024 cordacionum'
473 2959 685 3022 mediantibus
704 2943 875 3043 priuilegiis
891 2961 1073 3023 eorumdem
1093 2980 1155 3042 que
1170 2959 1260 3023 nobis

233 3071 353 3157 pluries
365 3091 423 3154 per
438 3072 567 3136 eosdem
582 3069 723 3137 exhibita
738 3055 939 3146 exstiterunt,
955 3072 1032 3137 datis
1048 3081 1080 3136 et
1094 3051 1262 3144 demessis,

233 3183 325 3248 simul
347 3203 417 3246 eum
441 3182 703 3266 possessionibus,
723 3184 827 3258 terris,
849 3183 918 3246 auri
932 3183 1058 3258 fodinis,
1079 3184 1200 3266 argenti
1214 3183 1262 3248 so·

234 3295 326 3370 dinis,
346 3295 422 3358 ferri
444 3295 570 3368 fodinis,
592 3294 681 3377 aquis
696 3302 728 3358 et
746 3293 854 3377 syluis,
875 3315 946 3356 oum
961 3295 1107 3358 omnibus
1124 3288 1263 3358 utilitati·

235 3408 294 3470 bus
309 3407 508 3481 earumdem,
530 3406 569 3468 de
584 3406 775 3488 benignitate
797 3405 885 3489 regia
905 3405 1004 3479 tueri,
1027 3411 1059 3468 et
1073 3420 1262 3470 conseruare

235 3518 446 3600 dignaremur.
471 3537 529 3580 nos
549 3517 672 3599 itaque,
701 3517 753 3582 eui
773 3537 814 3580 ex
836 3517 940 3580 officio
956 3515 1052 3580 debiti
1073 3525 1105 3580 et
1126 3519 1264 3602 suscepti

234 3629 396 3712 regiminis
416 3630 531 3703 nostri,
553 3627 696 3691 subditos
716 3636 842 3691 nostros
864 3647 1051 3710 oppressos,
1072 3628 1264 3692 turbaeioni-

235 3743 294 3804 bus
317 3747 349 3804 et
366 3740 487 3804 iuribus
509 3759 636 3816 eorum,
663 3759 720 3822 pro
742 3739 891 3803 fidelitate
913 3741 1005 3803 nobis
1028 3741 1133 3805 debita
1152 3749 1184 3804 et
1205 3741 1265 3802 im-

235 3871 350 3935 pensa,
380 3853 519 3934 priuatos
540 3852 684 3916 releuare
709 3859 855 3916 tenemur
875 3853 936 3938 ipsi
963 3852 1074 3928 iudici,
1102 3853 1212 3916 iuratis
1233 3861 1266 3916 et

235 3965 394 4028 uniuersis
409 3963 529 4026 niuibus
545 3965 585 4027 de
600 3963 843 4047 Gelniczbanya,
856 3963 942 4026 iilam
957 3971 989 4027 et
1003 3965 1135 4028 eandem
1150 3964 1183 4026 in
1198 3983 1266 4026 om-

234 4077 327 4140 nibus
347 4075 525 4140 libertatem
534 4079 544 4150 ,
565 4095 628 4158 qua
642 4076 838 4158 temporibus
853 4077 883 4140 d.
897 4077 990 4152 Bele,
1010 4075 1063 4140 aui
1077 4076 1176 4139 nostri
1191 4075 1266 4138 oha-

234 4187 369 4263 rissimi,
399 4195 431 4252 et
450 4187 652 4271 postmodum
674 4187 775 4252 eciam
795 4189 892 4272 patris
920 4190 1028 4254 nostri.
1063 4208 1175 4271 regum
1195 4187 1267 4250 iilu-

236 4299 349 4367 strium
369 4299 647 4378 recordaoiouom,
668 4301 716 4366 usi
737 4308 810 4368 sunt
830 4309 861 4368 et
879 4301 996 4390 ganisi,
1017 4303 1058 4366 de
1071 4301 1282 4389 benignitate-
