2978 4754
313 489 375 554 'lid
635 503 819 551 ueneratur
843 505 883 549 ns
906 505 1016 549 runsn.

314 661 386 725 licet
396 661 546 724 Scencam
562 677 702 723 sororem
718 657 877 731 eiusdem,
897 658 930 719 ui
945 657 986 718 ab
1000 677 1038 719 eo
1051 657 1241 722 abstulisset.
1263 657 1343 718 Pau-

313 771 362 838 lus
384 773 547 856 respondit
567 793 601 836 se
624 773 738 835 emisse
761 771 801 832 ah
823 789 870 844 eo,
891 789 955 831 non
975 769 1007 830 ui
1028 769 1194 831 abstulisse
1209 767 1291 842 illos,
1312 777 1344 831 et

314 884 428 948 adduci
444 892 551 948 testes.
575 902 654 965 quos
666 880 781 948 Paulus
796 879 921 944 curialis
936 899 1041 941 comes
1057 879 1097 941 de
1108 879 1224 939 Bichor
1239 879 1344 940 discu-

314 996 411 1070 ciens,
432 1015 489 1077 per
509 993 695 1076 pristaldum
716 993 842 1056 nomine
856 993 975 1054 Ducam
994 991 1078 1053 misit
1091 991 1280 1053 llaradinum
1303 991 1344 1052 ad

314 1107 462 1170 iudicium
477 1105 553 1169 ferri
568 1106 742 1168 candentis.
763 1106 885 1168 interea
897 1111 1115 1168 conuenerunt
1126 1123 1196 1164 cum
1211 1103 1346 1164 licencia

312 1219 433 1292 iudicis,
454 1237 550 1299 aquo
564 1218 662 1282 eciam
678 1217 866 1279 Uaradinum
882 1213 1069 1288 transmissi,
1091 1215 1257 1276 contestati
1272 1223 1346 1278 sunt

315 1347 420 1390 coram
441 1329 578 1409 capitulo
593 1337 624 1391 et
638 1326 789 1409 pristaldo
805 1347 838 1389 se
859 1327 902 1389 ita
917 1326 1120 1400 conuenisse,
1142 1326 1228 1408 quod
1243 1325 1345 1387 Adam

315 1441 510 1504 satisfaceret
529 1439 642 1514 iudici,
663 1439 777 1502 Paulus
799 1459 877 1501 uero
897 1437 1057 1520 pristaldo,
1079 1447 1112 1500 et
1129 1437 1215 1499 idem
1231 1437 1345 1499 Paulus

223 1529 228 1536 ⁸
315 1552 404 1614 daret
417 1551 484 1614 hdo
503 1571 597 1614 unam
611 1570 748 1613 marcam
764 1556 795 1612 et
810 1549 981 1612 dimidiam.

397 1657 480 1740 (323)
509 1661 579 1722 Filii
601 1661 825 1743 iouhagionum
848 1659 948 1722 sancti
970 1657 1052 1740 regis
1078 1659 1117 1722 de
1141 1657 1218 1721 uilla
1240 1659 1344 1742 Gyan,

314 1771 434 1836 scilicet
447 1771 549 1846 Ychu,
570 1757 684 1834 Unicus
705 1781 736 1835 et
751 1772 911 1845 Matthias,
935 1779 966 1833 ei
980 1771 1033 1833 lilii
1048 1769 1274 1854 ioubagionum
1289 1774 1344 1834 de-

290 1947 296 1954 ,
315 1901 463 1946 eoeneum
477 1883 581 1946 comiti
596 1883 848 1966 persoluencium
862 1884 901 1945 de
914 1881 973 1944 alia
985 1882 1083 1964 Gyan,
1097 1881 1217 1946 scilicet
1227 1883 1345 1958 Dionis,

315 1994 444 2068 Forcos,
464 1993 609 2069 Ioachiu,
632 1993 726 2067 Urnz,
746 1993 871 2066 Endus,
892 1991 970 2066 Fue,
992 1991 1111 2075 Sypeii‚
1133 1993 1217 2055 Ysou
1236 1993 1345 2068 etalii,

317 2105 437 2168 etitem
452 2105 492 2168 de
507 2106 605 2168 tercia
620 2105 709 2188 Gyan
730 2111 916 2175 castrenses,
937 2103 1056 2166 scilicet
1070 2103 1179 2176 Sama,
1199 2104 1346 2176 Mechad,

316 2216 426 2290 Ohud,
446 2215 579 2290 Mcdue,
599 2215 711 2289 Ficed,
734 2213 873 2287 Cihrian,
894 2213 1005 2287 llidol,
1027 2222 1058 2276 et
1072 2213 1139 2275 aliis
1154 2215 1346 2278 coadiuuan-

313 2327 396 2392 tibus
412 2328 504 2390 castri
519 2326 727 2390 Bichoriensis
748 2325 1000 2408 ionhagiouibus,
1022 2325 1141 2388 scilicet
1154 2327 1240 2388 Luca
1260 2327 1346 2408 prin·

314 2437 384 2518 cipe
399 2440 565 2512 exercitus,
580 2437 728 2500 Forcasio
739 2435 804 2499 lilio
816 2437 965 2519 Symoud,
979 2437 1056 2498 Uros
1070 2433 1135 2499 tilio
1146 2437 1252 2511 Sicou,
1267 2439 1345 2500 Biho

312 2547 378 2610 lilio
394 2547 523 2622 Pasche,
537 2556 568 2610 et
584 2535 953 2630 Tegelr'centurionihus,
975 2550 1068 2611 Petro
1083 2566 1210 2632 quoque
1227 2549 1345 2611 maiore

312 2659 472 2741 preconio,
492 2659 702 2740 impecierunt
716 2655 864 2721 clericum
879 2660 1006 2722 nomine
1017 2661 1166 2742 Magnum
1180 2661 1220 2723 de
1232 2663 1345 2724 eadem

312 2771 400 2844 uilla,
421 2770 519 2834 titium
536 2771 653 2846 Galdu,
678 2771 818 2834 dicentes
837 2771 940 2852 ipsum
959 2780 1132 2845 extorrem,
1154 2793 1213 2835 nec
1226 2773 1345 2837 habere

313 2883 441 2966 aliquod
456 2883 504 2946 ius
519 2881 613 2946 fundi
627 2902 686 2944 nec
708 2883 784 2963 agri.
813 2879 864 2942 ille
880 2889 984 2944 autem
999 2881 1164 2964 respondit
1177 2904 1211 2946 se
1226 2885 1344 2947 habere

313 3003 493 3075 separatum
509 2995 557 3056 ius
572 2993 661 3055 luudi
676 2993 768 3055 etius
783 2992 849 3074 agri
864 2993 903 3054 ad
918 2993 976 3054 trie
993 3001 1111 3066 aratra,
1131 3001 1163 3056 et
1174 3013 1272 3074 super
1286 2995 1345 3056 hoe

313 3125 346 3170 se
362 3105 561 3170 iustificatum
576 3125 645 3168 esse
658 3105 756 3166 eciam
768 3103 855 3177 alias,
865 3103 969 3166 iudice
978 3104 1072 3167 Moch
1084 3105 1196 3167 comite
1207 3105 1343 3187 palatino

314 3225 346 3280 et
360 3218 571 3291 Bhshorieusi,
585 3225 617 3279 ct
632 3215 782 3297 pristaldo
798 3215 925 3277 nomine
938 3215 1025 3296 Tupa
1040 3213 1103 3277 filio
1115 3216 1203 3278 Pauli
1219 3218 1259 3279 de
1272 3217 1344 3280 uilla

314 3329 450 3410 Gurbey.
482 3329 566 3410 quod
590 3347 660 3390 cum
684 3327 856 3389 aduersarii
878 3333 1048 3409 negarent,
1076 3328 1192 3390 Paulus
1217 3329 1342 3392 curialis

314 3457 420 3501 comes
446 3439 486 3501 de
509 3438 631 3511 liichor,
665 3457 704 3500 ex
727 3445 877 3520 precepto
903 3438 1021 3501 domiui
1045 3440 1093 3501 sui
1116 3439 1196 3502 llice
1222 3441 1344 3503 comitis

315 3548 409 3611 huius
426 3569 518 3612 cause
532 3549 627 3612 iudex
643 3550 839 3623 constitutus,
859 3549 949 3612 iussit
961 3549 1075 3632 Magno
1091 3553 1345 3632 prenominatum

312 3659 495 3743 pristaldum
517 3660 611 3724 huius
636 3679 729 3724 cause
757 3660 933 3734 adducere,
964 3662 1017 3742 qui
1040 3663 1112 3724 dato
1134 3664 1270 3725 termino
1291 3664 1344 3726 ad·

315 3773 426 3835 ductus
448 3779 479 3834 et
501 3773 678 3855 inquisitus,
709 3772 867 3854 perhibuit
890 3773 1103 3835 testimonium
1127 3773 1214 3834 iuxta
1239 3775 1345 3835 omnia

312 3903 373 3964 que
395 3883 526 3965 Magnus
550 3885 719 3946 asserebat.
748 3891 822 3946 tunc
845 3868 1019 3946 aduersarii
1042 3885 1227 3947 obiecerunt
1249 3885 1278 3946 ei
1297 3884 1344 3944 ui-

312 3995 397 4058 cium
426 3993 578 4068 falsitatis,
613 3993 752 4058 dicentes
776 3995 879 4076 ipsum
907 3993 1023 4058 falsum,
1050 4016 1120 4058 esse
1148 3995 1344 4076 pristaldum.

312 4106 427 4168 Paulus
452 4106 559 4186 itaque
586 4107 682 4169 iudex
707 4125 817 4168 eorum
844 4107 986 4188 precepit
1014 4127 1190 4171 assessores
1217 4105 1344 4180 iudicis,

312 4218 400 4280 cuius
422 4235 457 4282 se
477 4217 659 4299 pristaldum
682 4218 859 4292 asserahat,
881 4217 1050 4282 adducere.
1073 4218 1145 4281 dato
1165 4214 1261 4301 igitur
1281 4227 1345 4281 ter·
1468 4183 1470 4252 Ῐ

313 4327 398 4388 mino
425 4329 555 4392 adduxit
577 4329 724 4391 loancem
748 4329 893 4390 comitem
916 4323 1015 4390 lilium
1038 4327 1186 4392 Iohannis
1212 4318 1345 4406 comitis,
