2920 4758
382 455 531 500 nrnrnrrs
552 452 656 500 crvrun
679 455 718 499 nn
741 454 839 500 meze.
883 435 973 500 1243.
1131 435 1191 500 tue

156 629 226 672 non
239 609 370 681 sedent,
390 609 446 671 sed
462 608 495 670 in
510 609 596 672 curia
610 608 741 672 eliorum
756 610 925 672 residendo
941 615 1077 690 querunt
1089 608 1190 671 uictus

158 740 244 794 suos,
267 721 432 782 duodecim
449 721 594 781 denarios
613 740 671 800 pro
687 727 829 801 tempore
845 719 1014 783 existentes
1029 718 1190 782 annuatim

157 831 348 894 monasterie
364 831 597 911 persoluebunt.

242 941 301 1017 (b)
329 942 408 1004 Item
427 941 460 1002 in
483 941 605 1003 duobus
626 941 730 1017 iestis,
759 939 908 1005 uidelicet
929 942 961 1006 iu
984 942 1065 1006 festo
1087 942 1117 1004 b.
1132 943 1191 1004 bli-

157 1053 275 1116 chaelis
298 1052 492 1134 archangeli,
514 1060 545 1116 et
567 1051 600 1116 in
618 1053 779 1116 natiuitute
800 1053 930 1127 demini,
953 1053 1084 1136 quilibet
1105 1053 1190 1136 ipso-

156 1187 226 1228 rum
242 1185 300 1246 pro
315 1185 373 1228 sec
388 1163 594 1246 possibilitate
610 1153 757 1230 dedomo
776 1185 832 1227 sue
854 1167 1035 1229 muneribus
1050 1167 1191 1230 decenti-

155 1278 215 1338 bus
236 1277 394 1340 tenebitur
414 1276 583 1341 henerere.
613 1277 646 1338 in
668 1277 750 1340 seete
764 1295 851 1338 uere·
864 1276 895 1338 b.
909 1275 1035 1339 loannis
1050 1276 1188 1358 baptiste

157 1389 198 1450 de
212 1397 278 1450 tote
292 1386 368 1454 nilla
383 1409 481 1451 unum
497 1388 643 1462 arietem,
663 1387 807 1470 lagenam
824 1386 987 1461 cereuisie,
1009 1389 1095 1450 etde
1110 1407 1188 1470 qua·

156 1499 236 1562 libet
250 1501 337 1562 curie
350 1500 472 1582 integra
493 1517 587 1560 unam
601 1507 715 1560 tertam
729 1499 806 1560 ¹dare
819 1497 1023 1560 tenebuntur.

239 1613 297 1686 (5)
319 1612 396 1674 Item
410 1609 569 1682 uillicum,
591 1627 810 1692 quemcunque
830 1607 1003 1680 noluerint,
1026 1609 1183 1670 communi

153 1721 317 1785 uoluntate
336 1722 418 1784 inter
439 1742 472 1783 se
495 1719 610 1802 eligent
630 1739 668 1782 ec
691 1727 846 1801 tempore,
861 1719 914 1802 qui
938 1739 1047 1782 omues
1062 1739 1182 1793 causes,

153 1842 260 1914 preter
274 1833 348 1907 tria,
369 1833 532 1896 uidelicet:
554 1832 741 1906 homicidia,
761 1831 948 1897 effusionem
971 1831 1130 1915 sauguinis
1152 1839 1183 1894 et

152 1944 334 2015 eiciendas,
354 1945 519 2018 iudicabit,
542 1952 573 2008 et
585 1945 701 2026 iudicia
714 1943 804 2007 tollet
817 1944 1001 2007 eorundem.

235 2057 293 2130 (6)
315 2055 348 2117 Si
369 2075 448 2118 uero
473 2054 683 2118 iuramentum
708 2055 747 2119 sit
770 2054 853 2118 inter
871 2053 970 2135 ipsos,
995 2055 1028 2116 in
1050 2053 1186 2122 ecclesia,

150 2165 182 2227 b.
197 2165 359 2228 Michaelis
382 2165 563 2248 archangeli
585 2165 747 2240 iurabant,
770 2174 802 2228 et
819 2165 966 2228 denarios
980 2166 1182 2248 purgacionis

153 2277 242 2339 tollet
252 2277 403 2342 sacerdos
420 2276 551 2346 ecclesie
567 2285 748 2342 memorate.

233 2390 291 2463 (7)
312 2387 472 2473 Predictas
495 2407 573 2466 nerc-
592 2395 656 2458 tres
678 2407 788 2452 causes
810 2385 932 2456 uillicus
955 2388 1129 2464 eorundem
1149 2395 1181 2452 et

148 2499 247 2561 home
272 2508 379 2566 noster
400 2498 679 2572 interiudicabunt,
702 2505 733 2561 et
757 2499 818 2561 due
843 2473 948 2580 pertes
973 2499 1179 2578 iudiciorum,

149 2630 220 2672 cum
237 2611 358 2674 duabus
374 2611 511 2691 partibus
530 2609 771 2692 purgacionem,
794 2610 865 2672 siin
881 2611 1089 2677 discuciendis
1105 2610 1180 2692 ipsis

150 2721 254 2785 causis
270 2741 379 2782 eurum
398 2721 453 2783 liet
472 2721 700 2793 iuramentum,
723 2721 839 2783 cedunt
857 2721 1060 2796 monasterio,
1081 2721 1180 2784 tercia

146 2850 228 2894 uere
241 2851 314 2912 pars
329 2832 413 2896 cedit
427 2831 530 2894 uillico
547 2832 730 2894 eorundem.

157 3005 160 3008 Δ
228 2943 297 3017 (8),
311 2943 388 3006 ltem
412 2943 618 3025 sacerdotem
637 2961 732 3024 quem
757 2940 916 3028 noluerint
940 2962 996 3023 pro
1018 2948 1177 3024 tempere,

147 3053 307 3114 communi
332 3051 448 3134 eligent
476 3052 655 3127 uoluntate,
688 3059 719 3131 et
743 3053 880 3136 decimes
900 3072 978 3134 ¹suas
1004 3053 1177 3132 secerdoti,

147 3181 237 3224 mure
253 3162 496 3228 Teutonicorum
511 3163 691 3246 relinquent
703 3162 736 3224 in
751 3182 836 3245 agro.
902 3227 922 3244 „
1173 3235 1175 3242 Ι

230 3275 290 3349 (9)
311 3275 389 3336 item
413 3275 451 3336 de
474 3273 603 3338 collecta
627 3273 745 3339 demini
765 3275 852 3358 regis
871 3275 1031 3352 dimidiam
1055 3283 1176 3362 partem

146 3383 383 3468 perseluebnut·
732 3467 735 3472 Δ
1020 3461 1022 3466 ,

233 3498 312 3571 (10)
332 3497 411 3570 ltem
425 3497 492 3560 sine
507 3497 624 3578 herede
640 3497 831 3578 decedentes
846 3498 996 3580 uniuersa
1010 3501 1093 3564 bone
1107 3521 1178 3578 sue,¹

147 3616 213 3673 tam
225 3606 258 3668 in
273 3607 368 3690 rebus
387 3609 552 3671 mobilibus
567 3608 903 3694 quamimmobilibus,
924 3611 1099 3692 cuicunque
1123 3610 1179 3674 uel

149 3737 339 3800 quocunque
369 3717 544 3793 noluerint,
567 3720 705 3788 ,liberam
734 3719 895 3799 habebunt
921 3717 1047 3803 legendi
1075 3722 1175 3800 lucul-

147 3836 255 3902 tatem.
541 3901 544 3908 ⁴
577 3897 590 3912 ,ι
634 3903 637 3908 1
731 3903 734 3906 ι
799 3907 802 3914 γ

231 3939 307 4016 (11)
328 3941 407 4004 Item
430 3939 513 4006 clara
533 3941 602 4004 luce
625 3942 770 4022 uenient,
801 3949 833 4008 et
855 3943 991 4007 uenditis
1017 3944 1174 4024 uniuersis

147 4049 281 4131 edificiis
293 4052 358 4114 suis
373 4052 457 4137 clere
470 4052 540 4120 luce
554 4053 705 4137 recedent
717 4051 820 4136 libere,
831 4060 863 4118 et
877 4073 1000 4138 secure.

192 4227 196 4232 .
228 4163 409 4252 (12)‘Item
425 4163 460 4228 in
478 4163 567 4250 equis
589 4163 730 4252 piscandi
745 4169 777 4246 et
795 4163 830 4246 in
841 4163 929 4250 siluis
943 4162 1095 4239 uenandi,
1115 4181 1174 4231 seu
