2924 4758
280 347 349 423 tta
523 368 548 414 s.
562 369 708 420 rmrurr
726 369 821 422 mou.
836 369 1004 436 cremnon
1023 369 1072 424 ur.

363 517 408 604 (d)
437 521 483 584 Da
502 522 547 584 dia
571 524 622 604 qui
641 523 813 586 uruiaataar
833 523 961 588 otiorum
985 526 1121 588 detineat·
1175 525 1317 610 Precipi·

281 653 353 702 mue
374 634 490 708 eciam,
511 641 547 698 ut
565 635 651 701 idcnr
668 637 753 720 regio
773 636 908 714 nunciur
929 635 1035 720 palam
1055 637 1150 708 saciat
1168 639 1316 704 omuibus

279 753 343 808 tum
358 745 516 810 nobilibus
531 766 627 829 quam
641 747 841 832 ignobilibus,
863 749 1016 835 imprimis
1026 749 1197 836 episcopis,
1217 752 1316 826 abbe-

279 857 372 931 tibur,
395 858 570 934 comitibus,
591 867 703 944 postea
718 879 796 924 uero
811 860 999 928 minoribus:

363 969 449 1052 quod
463 989 482 1032 n
497 979 639 1054 tempore
655 971 740 1056 regio
753 971 879 1036 Andron
901 979 932 1038 ct
948 971 1035 1034 ducis
1050 972 1144 1047 Belc,
1166 981 1198 1036 et
1219 992 1239 1036 a
1258 973 1315 1036 de·

280 1083 452 1164 scriptione
470 1083 584 1148 iudicis
597 1081 731 1148 Sorobas
753 1083 897 1158 nomine,
919 1083 1003 1168 apud
1018 1104 1240 1170 quemcunque
1256 1085 1314 1148 ali-

280 1194 335 1278 qui
354 1193 471 1257 ciuium
492 1193 544 1258 uel
565 1193 728 1268 uillarum,
750 1193 804 1277 qui
826 1193 971 1258 dicuntur
990 1194 1129 1270 Ervrelr,
1151 1195 1204 1258 uel
1226 1197 1312 1262 serici

280 1306 470 1380 detinentur,
490 1307 524 1370 in
539 1305 758 1387 assumpcione
768 1296 797 1368 l.
808 1304 906 1368 Mario
921 1324 1030 1368 omnes
1045 1306 1110 1388 regi
1125 1315 1313 1392 presenten-

279 1424 341 1480 tur.
362 1417 449 1502 quod
464 1417 490 1480 ri
505 1416 574 1500 quis
588 1415 669 1481 torte
684 1415 872 1490 detinuerit,
892 1415 1057 1500 dupliciter
1070 1417 1193 1484 reddat.
1217 1418 1270 1482 uel
1285 1419 1311 1498 io

279 1529 334 1614 qui
356 1529 527 1594 defendere
550 1527 703 1602 uoluerit,
732 1528 766 1593 in
787 1528 928 1610 predicta
950 1529 1119 1595 festiuitote
1141 1531 1249 1610 ueniat
1270 1531 1310 1594 od

279 1643 400 1715 curiam
414 1650 445 1706 ct
460 1641 618 1708 defendat.

361 1755 494 1818 Uoniant
515 1761 546 1816 et
566 1753 611 1816 illi
634 1753 814 1836 omnesqui
829 1753 974 1819 dicuntur
988 1753 1107 1840 Wzbeg
1128 1756 1168 1822 ed
1190 1757 1309 1820 curiam

277 1866 311 1930 in
333 1867 444 1932 eadem
466 1863 651 1940 iestiuitate,
679 1873 712 1931 ot
732 1865 905 1933 secondum
926 1865 1012 1948 quod
1030 1865 1136 1950 regale
1158 1865 1308 1944 iudicium

278 1978 487 2051 ordinauerit,
518 1977 717 2072 postmodum
742 1985 844 2048 ratum
871 1986 1066 2065 parmaneat.
1110 1987 1142 2042 et
1165 1979 1311 2062 quisquis.

276 2091 359 2154 oltra
370 2089 537 2158 terminum
547 2089 722 2174 predictum
735 2089 869 2174 aliquem
885 2090 1026 2166 illorum,
1040 2111 1120 2177 quos
1131 2099 1205 2158 tunc
1216 2092 1308 2156 reddi

277 2202 467 2289 precipimus
487 2201 672 2276 detinuerit,
693 2200 860 2284 dupliciter
880 2201 1009 2276 reddat,
1030 2209 1061 2264 et
1080 2201 1306 2286 quinquaginta

276 2313 416 2400 quinque
436 2331 550 2404 pensos
571 2320 701 2396 propter
716 2312 997 2403 transgrcpsionem
1012 2310 1124 2376 soluat
1157 2313 1230 2378 etsi
1245 2333 1309 2398 qua

275 2428 413 2514 euspicio
433 2427 473 2490 de
495 2425 549 2492 illo
572 2425 626 2512 qui
649 2425 777 2490 alterius
798 2445 866 2488 rem
888 2423 1048 2490 detinebat
1066 2425 1175 2490 habita
1196 2425 1311 2500 fuerit,

276 2559 315 2604 eo
336 2538 411 2622 quia
439 2536 492 2600 ille
514 2557 609 2620 quern
633 2537 822 2612 retinuerat,
850 2535 900 2603 fur
922 2544 953 2603 et
974 2535 1053 2599 latro
1077 2537 1307 2614 diffamabatur,

274 2650 343 2732 ipse
358 2657 511 2732 expurget
531 2670 566 2714 se
581 2649 707 2724 iudicio.
728 2649 756 2714 si
770 2648 932 2734 culpabilis
947 2649 1057 2727 fuerit,
1079 2657 1113 2714 ut
1125 2649 1177 2715 tur
1192 2650 1306 2734 etipse

278 2761 482 2829 diiudicetur..
938 2833 940 2838 ,

346 2871 405 2938 ‘llli
419 2873 472 2958 qui
488 2874 635 2938 dicuntur
648 2873 745 2957 uulgo
756 2873 895 2958 Wzteg,
909 2874 1086 2958 cuicunque
1102 2894 1235 2958 perrone
1248 2873 1307 2938 ad·

273 2985 431 3061 bererint,
458 2995 678 3070 representem
699 3007 754 3049 eos
776 2987 845 3070 regi
866 2987 899 3050 in
921 2989 1141 3070 ascumpcione
1163 3009 1189 3050 s.
1205 2986 1307 3050 Mario

273 3099 416 3182 uirginis.
440 3100 526 3182 quod
540 3099 566 3162 si
580 3098 651 3182 quis
665 3105 879 3180 transgressus
894 3095 1003 3172 tuerit,
1023 3098 1071 3162 bis
1086 3097 1218 3162 totidem
1231 3099 1307 3161 red·

275 3211 344 3286 dat,
359 3218 392 3274 et
403 3211 532 3298 insuper
546 3218 676 3294 propter
685 3207 765 3292 lepis
780 3209 1202 3294 tractionemquinqoopinta
1212 3209 1305 3296 quin·

274 3341 336 3408 que
349 3341 464 3408 pensos
484 3322 643 3387 adhibeat.

356 3430 400 3515 (3)
415 3415 466 3498 'Ila
479 3434 616 3497 Pototioo
631 3433 743 3498 comita·
786 3431 907 3499 Placuit
921 3433 1033 3510 eciam,
1046 3441 1081 3496 ut
1094 3433 1121 3512 ei
1132 3431 1303 3516 aliquando
1370 3418 1374 3428 Δ

273 3545 430 3611 Palatinus
444 3565 550 3610 comes
565 3545 694 3616 domum
708 3543 815 3620 inerit,
836 3546 919 3628 regis
934 3553 966 3630 et
979 3546 1067 3608 curie
1082 3545 1228 3630 sigillum,
1250 3545 1305 3630 qui

272 3659 305 3724 in
327 3660 398 3725 uice
420 3659 489 3724 eius
511 3659 714 3738 remanserit,
734 3657 777 3724 illi
802 3657 952 3734 dimittat,
981 3665 1015 3724 ut
1036 3659 1117 3727 sicut
1135 3660 1219 3744 regis
1240 3679 1305 3724 noa
1386 3723 1387 3726 ,

177 3769 179 3772 ’
273 3781 320 3839 oc
335 3776 439 3846 ouria,
461 3779 495 3837 et
506 3771 549 3838 iu
562 3791 660 3838 unum
674 3771 812 3859 tigillum
826 3772 983 3855 persistat.
1005 3773 1090 3841 domi
1104 3793 1183 3836 nero
1196 3792 1304 3839 comeo

271 3884 357 3948 idem
372 3882 522 3966 quamdiu
542 3884 770 3968 permanserit,
788 3903 885 3966 super
898 3883 1056 3948 neminem
1077 3883 1213 3968 sigillum
1231 3883 1304 3950 mit-

271 4004 332 4070 tat,
352 3995 414 4058 nisi
426 4014 523 4079 super
537 3979 592 4060 eoo
604 3996 758 4064 duntaxat
772 3994 826 4083 qui
840 4004 993 4067 uocantur
1007 3997 1176 4065 uduornik.
1205 3995 1303 4078 etqui

270 4114 446 4197 expontanea
460 4106 620 4173 uoluntate
634 4105 751 4184 inerint
764 4107 805 4172 ud
820 4127 903 4185 eum,
917 4106 987 4183 illos
1002 4107 1032 4170 ei
1045 4107 1139 4172 liceat
1151 4106 1303 4187 iudicare,

272 4217 359 4302 quod
372 4217 399 4280 si
413 4215 503 4283 aliter
517 4216 643 4294 feccrit,
664 4218 890 4304 quinquaginta
904 4217 1044 4307 quinque
1060 4237 1176 4302 pensus
1190 4217 1302 4310 solunt
