2904 4754
270 391 331 460 eu
509 407 596 456 essu
610 407 651 457 rr.
665 404 944 456 murmurmurmur.
967 387 1057 453 teet.

271 549 373 628 donee
387 561 511 646 cognati
526 567 557 624 et
569 559 796 644 generosiores
810 559 878 624 eius
893 559 934 625 ed
947 559 1143 642 presenciam
1157 567 1295 626 uestrum

271 681 455 748 euoeeutur,
476 680 508 736 et
524 672 600 754 ipsis
619 691 657 734 ee
671 671 840 734 baronibus
858 670 972 734 nestris
994 671 1189 753 presentibus
1203 672 1242 734 sle
1256 672 1296 737 iis

271 785 432 864 ordinetur
446 783 526 848 sieut
541 783 706 847 dieteuerit
718 782 796 846 ordo
810 781 897 847 iuris.

353 896 419 958 Vll.
459 897 538 959 Item
549 894 723 968 statuimus,
736 894 822 976 quod
837 891 863 956 si
877 893 918 956 ud
929 894 1114 978 occupanda
1124 893 1178 958 uel
1190 895 1297 978 arqui-

270 1008 370 1072 reuda
383 1026 481 1090 regnu
496 1005 656 1086 continget
674 1023 734 1068 nos
747 1003 917 1068 exereitum
940 1024 1086 1080 mouere,
1109 1005 1231 1073 nobiles
1248 1007 1297 1070 iu·

271 1117 352 1180 uites
366 1117 406 1180 ud
420 1115 592 1180 exereitum
606 1135 670 1178 uun
684 1115 855 1189 trahemus,
872 1115 933 1178 uisi
943 1115 998 1205 qui
1010 1123 1125 1198 sponte
1140 1117 1298 1184 noluerint

272 1225 425 1309 proticisci
446 1226 498 1289 uel
517 1234 696 1308 pronosim
713 1226 863 1310 pecunie,
884 1227 1060 1307 sepeciem
1077 1228 1110 1290 iu
1122 1227 1296 1292 subsidium

271 1335 406 1402 filiorum
422 1345 600 1402 uestrorum
614 1337 665 1400 uel
681 1335 812 1400 aliorum
826 1336 941 1400 inuitos
959 1337 1005 1400 ire
1020 1338 1257 1418 compellemus.

354 1448 434 1512 Vlll.
475 1449 553 1512 Item
576 1447 766 1522 ordinemus,
793 1448 880 1530 quod
901 1447 1032 1530 singulis
1051 1447 1148 1512 runis
1163 1449 1196 1512 in
1216 1449 1298 1514 testo

271 1582 297 1627 s.
307 1561 389 1644 repis
403 1579 484 1622 uuus
499 1579 538 1624 ex
552 1555 644 1622 uobis
657 1556 766 1622 Album
782 1557 891 1622 uenire
906 1559 1021 1630 debeat
1026 1603 1036 1634 ,
1058 1569 1089 1624 et
1103 1562 1144 1624 de
1158 1560 1300 1644 quolibet

272 1671 422 1736 comitutu
443 1671 505 1735 duo
530 1669 582 1732 uel
603 1679 666 1732 tres
688 1669 809 1732 nobiles
831 1671 969 1734 debeuut
988 1672 1177 1750 conuenire,
1193 1681 1241 1736 ut
1267 1673 1300 1746 ip

274 1801 383 1843 eorum
403 1779 565 1862 presencie
584 1780 623 1842 de
645 1779 788 1844 omnibus
803 1779 924 1844 damnis
946 1787 978 1846 et
990 1781 1114 1845 iniuriis
1130 1803 1189 1866 per
1207 1804 1301 1866 quos·

273 1910 398 1984 cunque
413 1891 492 1954 datis
506 1875 538 1954 ¹et
551 1889 644 1956 illatis
658 1891 803 1956 omuibus
817 1891 955 1957 satisfiet.
1170 1967 1174 1972 ¹

355 2001 409 2062 tx.
449 2001 527 2072 Item
540 2000 567 2064 si
582 1999 694 2082 aliquis
710 2021 749 2064 ex
764 2003 920 2068 nobilibus
934 2023 999 2068 nou
1012 2003 1135 2068 hebens
1150 2005 1299 2070 heredem

273 2114 306 2176 in
320 2111 462 2176 exercitu
478 2092 619 2176 mortuus
634 2111 747 2187 fuerit,
766 2114 985 2194 possessiones
1004 2116 1094 2181 istius
1103 2137 1299 2200 ¹quoeunque

274 2226 369 2288 modo
384 2223 535 2307 aequisite
550 2225 591 2289 ud
605 2243 715 2288 munus
730 2223 834 2306 regius
849 2245 914 2286 uon
927 2227 1149 2302 deuoluautur,
1160 2227 1217 2292 sed
1229 2247 1301 2312 eug·

273 2337 354 2406 setis
369 2335 423 2400 uel
437 2333 638 2416 generosiori
656 2353 713 2398 sue
727 2315 919 2410 remuueeht,
940 2335 1064 2406 emtieie
1078 2358 1158 2401 uero
1174 2340 1300 2404 ersieuu·

274 2465 337 2528 que
351 2443 385 2506 iu
400 2445 465 2506 uite
478 2463 536 2508 suu
551 2443 695 2508 conferre
710 2444 868 2508 uolueriut
881 2446 1109 2530 relinquentur.
1152 2480 1154 2484 v

357 2555 397 2619 X.
438 2555 516 2621 Item
541 2573 636 2618 oeuse
663 2555 813 2626 nobilium
836 2557 905 2623 sine
933 2558 1141 2642 petitionibus
1167 2561 1300 2644 debeept

275 2665 428 2748 expediri.
489 2705 492 2710 ·
1137 2735 1139 2738 ,
1227 2729 1230 2732 ,

357 2777 398 2840 Et
415 2775 448 2840 iu
470 2775 519 2838 bis
541 2777 686 2844 omuibus
711 2797 747 2840 ee
771 2778 838 2842 eliis
858 2779 1052 2850 libertatibus
1071 2803 1128 2846 es.
1139 2784 1299 2868 Stephano

274 2907 351 2978 ‘rege
373 2887 559 2961 constitutis,
580 2887 665 2970 ipsos
688 2887 810 2951 nobiles
832 2892 1105 2972 manutenebimus.
1115 2901 1155 2956 -et
1176 2913 1300 2968 emmer·
1344 2955 1349 2966 ,

276 3000 431 3086 nubimus,
452 2999 496 3062 sic
511 3017 575 3072 'uos
596 3001 675 3064 deus
695 2999 825 3090 adiuuet
842 3008 874 3066 et
895 3009 1003 3085 semote
1025 3005 1076 3068 dei
1097 3005 1252 3082 ecclesis,
1269 3013 1300 3070 et

275 3107 437 3178 uiuitieum
452 3109 553 3175 erucis
567 3109 700 3192 siguum.
838 3175 842 3184 ἱ
1161 3193 1162 3200 ¹

359 3219 391 3282 Si
406 3219 475 3302 quis
491 3225 595 3282 sutem
610 3227 751 3283 uestrum
764 3221 969 3302 imposterum
985 3225 1138 3304 presentis
1151 3228 1257 3296 statuti
1271 3234 1301 3290 et

276 3327 428 3398 libertatis
452 3348 472 3390 e
493 3327 696 3410 estophum
723 3332 890 3410 constitute
912 3341 1131 3418 transgressor·
1150 3337 1300 3410 extiterit,

278 3439 364 3522 quod
385 3439 478 3511 absit,
498 3439 585 3501 illum
600 3441 630 3502 d.
644 3441 900 3524 archiepiscopus
915 3443 1217 3530 strigonieustssper
1231 3467 1300 3510 eeu·

278 3567 388 3622 surum,
399 3549 640 3613 ecelesiasticam
662 3530 829 3642 compellat
850 3554 1067 3640 adpremissu·
1080 3555 1300 3632 inuiolabiliter

278 3659 491 3734 obseruanda,
511 3661 616 3742 prouti
630 3661 662 3724 id
676 3679 734 3724 uos
749 3663 950 3726 assumsimus
965 3665 1128 3743 periuoto.
1192 3717 1196 3722 .

359 3769 397 3833 Ut
420 3779 525 3837 eutem
548 3771 608 3837 hee
630 3779 738 3838 nostru
762 3773 923 3852 ordiupuiu
952 3783 1140 3856 perpetuum
1165 3778 1301 3845 obtineat

278 3879 376 3941 robur
389 3879 559 3954 firmitatis,
578 3881 692 3958 iisdem
706 3883 820 3944 uostris
833 3881 941 3964 sigillis
953 3883 1058 3956 litores
1079 3885 1212 3957 summus
1227 3907 1300 3952 ouu-

277 3989 404 4074 signari.
420 3991 532 4057 ustum
547 4009 629 4064 enno
643 3990 847 4074 blGCLXVll.

663 4201 914 4231 m
