2904 4754
259 385 325 454 tto
436 403 586 452 sensnm
606 403 677 452 mm
696 403 770 450 tnnc
790 401 979 450 mosomo.
1023 381 1113 450 tent

344 557 423 632 (17)
443 557 522 622 item
543 575 640 638 super
654 555 809 620 dicetores
828 553 1054 628 ulminnnum,
1076 554 1129 618 uel
1142 571 1308 636 procuso-

262 667 388 732 cionum
408 675 462 730 sut
476 668 687 730 descensuum
709 665 848 728 exhibita
870 665 1101 740 satisfactione,
1123 666 1233 728 banus
1249 665 1309 726 de-

260 799 410 844 scensum
423 779 528 843 lecese
543 797 608 840 non
622 757 726 850 debet,
741 777 801 839 nisi
811 777 892 840 iuste
903 795 999 838 csusn
1010 777 1101 859 regni
1112 784 1145 840 et
1155 777 1307 860 legitime

260 891 455 956 imminente.
484 898 518 953 et
539 889 662 952 nobiles
683 909 720 952 ec
740 889 945 971 iobbegiones
972 897 1148 952 castrorum
1172 889 1219 953 de
1248 890 1309 950 de·

261 1001 423 1066 mensibus
437 1001 510 1064 bani
524 1001 642 1064 debent
657 1020 758 1082 usque
773 999 841 1062 dies
854 1020 880 1062 s.
891 999 1016 1062 Muttini
1030 1000 1134 1064 modis
1150 1001 1307 1063 omnibus

262 1113 413 1196 expediri.

344 1224 423 1300 (18)
445 1223 523 1288 Item
544 1223 569 1284 si
584 1223 654 1306 quis
676 1222 708 1284 in
723 1221 877 1284 soluendo
894 1221 1109 1296 mandurinas,
1130 1223 1327 1287 collectnm'

262 1344 383 1418 septem
396 1336 596 1398 denariorum
605 1363 623 1408 ‚¹
635 1331 752 1396 iudicis
766 1333 979 1405 exercitualia,
1002 1333 1053 1396 uel
1067 1335 1167 1396 eninm
1183 1333 1306 1396 collec-

262 1454 325 1510 tum
341 1466 402 1530 que
425 1445 458 1508 in
478 1465 578 1528 regno
595 1443 664 1507 fieri
684 1443 862 1526 continget,
883 1463 940 1506 seu
953 1443 1070 1508 indicia
1091 1445 1124 1506 in
1139 1445 1260 1527 quibus
1275 1445 1310 1506 si¹

263 1559 426 1622 conuictus
447 1565 617 1620 contumax
639 1553 793 1620 exstiterit
813 1564 845 1620 et
866 1557 1004 1630 rebellis,
1026 1575 1132 1620 comes
1147 1557 1302 1640 Zagrebi-

263 1666 348 1732 ensis
362 1668 415 1730 uel
426 1667 592 1730 Crisicnsis
608 1687 679 1730 cum
694 1685 758 1728 uno
774 1668 814 1730 de
829 1667 1022 1730 coludicibus
1037 1668 1096 1730 sibi
1112 1713 1120 1728 .
1135 1711 1145 1729 .
1210 1713 1218 1730 .
1233 1715 1241 1729 .
1257 1668 1300 1732 od

263 1780 452 1862 exigendum
475 1779 643 1859 procedet,
673 1787 812 1840 assumto
834 1799 942 1842 secum
967 1779 1148 1866 testimonio
1171 1781 1299 1863 capituli

229 1923 234 1927 -
262 1889 483 1974 ngrobiensis
504 1889 557 1954 uel
571 1887 775 1964 Csasmensis,
796 1911 854 1973 pro
877 1911 915 1954 en
937 1912 977 1954 ne
999 1891 1070 1973 plus
1089 1891 1176 1954 iusto
1192 1893 1310 1956 debito·

265 2002 417 2084 exigetur.

346 2113 424 2187 (19)
445 2111 485 2174 Et
505 2111 537 2173 in
559 2129 711 2193 processu
733 2131 791 2176 suo
811 2131 907 2194 super
929 2111 1068 2196 aliquem
1088 2115 1232 2178 nobilem
1246 2113 1297 2179 uel

262 2223 483 2306 iobbngionem
496 2223 588 2286 castri
602 2223 790 2286 descensum
804 2223 910 2286 fucere
926 2243 989 2289 non
1005 2225 1149 2299 debebit,
1171 2229 1231 2290 sed
1245 2247 1297 2290 ex-

263 2355 378 2417 pensos
394 2355 472 2418 quus
492 2333 603 2396 iecerit
623 2335 864 2408 descendendo,
887 2334 926 2396 de
946 2335 1037 2397 bonis
1052 2335 1154 2398 esium
1167 2338 1299 2420 recipiet

265 2445 467 2508 contumacis.

348 2555 428 2629 (20)
449 2553 581 2636 Insuper
596 2553 752 2630 uolumus,
773 2558 832 2620 snb
847 2557 976 2622 silencio
991 2577 1085 2640 pene,
1106 2562 1196 2642 quod
1211 2563 1298 2624 nobi·

262 2663 309 2726 les
320 2663 493 2746 inanorin
506 2673 537 2728 et
548 2665 616 2726 aliis
628 2666 826 2730 comitatibus
841 2667 1004 2743 similibus,
1016 2689 1055 2732 en
1071 2669 1123 2732 die
1139 2682 1235 2753 prout
1249 2673 1298 2736 elii

266 2775 453 2840 descensum
473 2776 548 2839 dere
570 2797 634 2838 non
656 2784 837 2852 teneantur,
859 2799 917 2842 nec
938 2781 1005 2844 eius
1025 2783 1152 2846 adstare
1172 2785 1304 2858 iudicio,
1437 2775 1439 2844 l

266 2887 322 2954 sed
337 2889 437 2952 banus
452 2907 507 2952 eos
521 2889 672 2952 iudicabit
688 2909 747 2972 pro
763 2897 906 2972 tempore
921 2892 1119 2956 oosistitutus.

260 3053 264 3061 .
349 3000 431 3076 (21)
453 3000 535 3062 Sane
551 3001 735 3064 collectores
751 3001 851 3064 eciem
873 3003 1127 3068 mandurinnrum
1146 3027 1297 3072 nonnum

265 3109 405 3193 pluribus
425 3111 599 3192 procedere
622 3111 777 3186 debeant,
801 3113 861 3176 nisi
880 3133 950 3178 cum
972 3115 1140 3180 duodecim
1163 3119 1298 3181 bomini·

265 3221 342 3296 bus,
363 3221 518 3286 habentes
534 3223 606 3286 XIV
621 3242 737 3302 equos,
760 3233 791 3288 et
810 3245 875 3288 non
892 3225 1009 3308 plures.
1035 3229 1151 3310 quibus
1170 3231 1297 3312 quidem

266 3331 306 3395 de
320 3331 459 3414 quolibet
476 3331 661 3396 condicione
681 3353 740 3415 pro
755 3335 941 3401 uictuelibns
957 3337 1167 3403 administrari
1185 3341 1298 3406 debeat

268 3487 276 3504 .
291 3487 300 3504 .
314 3487 323 3504 .
338 3463 417 3518 une,
437 3463 495 3506 seu
510 3443 641 3526 gallina,
662 3463 757 3506 unser
771 3465 872 3521 unus,
894 3448 1023 3530 quondo
1038 3451 1143 3514 eubuli
1158 3453 1198 3516 de
1214 3454 1297 3525 uine,

266 3573 337 3616 cum
352 3554 466 3617 eubulo
482 3553 549 3616 tuni
565 3554 738 3636 palmorum
753 3557 823 3619 xil.
852 3559 957 3624 eubuli
974 3561 1012 3624 de
1029 3561 1232 3642 pabulosum
1247 3584 1300 3628 cu·

264 3664 339 3726 bulo
354 3673 487 3748 quotuor
502 3666 674 3748 pulmarum
696 3675 728 3728 et
748 3686 813 3730 non
835 3669 933 3742 mbo,
955 3679 1049 3751 prout
1069 3671 1179 3734 solicis-
1191 3691 1298 3736 reeor-

266 3774 405 3842 dncionis
417 3777 536 3841 domini
550 3777 649 3840 nostri
665 3777 792 3846 illustris
807 3781 890 3862 regis
901 3781 976 3846 Bele
991 3781 1024 3846 in
1038 3783 1209 3868 priuilegio
1225 3806 1307 3850 cour
1436 3823 1438 3846 ;

264 3883 392 3949 tinctus.
766 3896 770 3905 ¹

351 3996 430 4071 (22)
453 3995 642 4062 Collectores
666 4006 771 4065 eutem
788 4011 912 4086 septem
937 4006 1138 4073 denaniorum
1153 4008 1207 4072 uel
1220 4009 1308 4072 iude·

267 4107 386 4171 ciorum
400 4107 568 4184 exereitus,
582 4111 622 4174 de
635 4112 804 4180 medietate
819 4115 980 4190 habebunt
994 4119 1168 4184 descensus
1180 4138 1300 4185 meme

268 4220 337 4284 md.
364 4221 502 4310 dictique
518 4220 974 4295 collectores'mordurinnrunn
993 4230 1310 4300 inventiisnobibum'
