3048 4760
260 407 322 482 tm
410 409 670 484 cossrrru'rmrrtrs
692 432 828 484 errones
849 425 1024 484 emensis*
1048 419 1175 486 terta
1270 389 1273 396 Ι

261 599 338 654 nent
357 597 554 673 patronatus,
575 593 697 654 iusticia
716 611 752 654 ac
769 593 840 654 inre
860 593 953 674 plene
975 593 1109 655 seruatis
1129 611 1165 654 ae
1184 591 1290 663 saluis,

262 721 324 786 que
339 703 383 764 eis
398 721 417 763 a
431 704 528 765 sacris
543 704 716 764 canonibus
733 705 948 765 conceduntur
963 711 1056 786 atque
1071 711 1247 765 seruantur.

344 811 409 894 (16)
431 813 508 875 Cum
534 815 573 876 ad
596 813 751 876 beneficia
773 815 1115 877 ecclesiasticacuram
1136 815 1291 876 habencia

263 926 436 987 animarum
456 943 611 986 annexam
632 925 712 986 tales
727 926 817 1006 queri
839 927 975 988 debeant
989 935 1020 988 et
1035 927 1169 1000 admitti,
1190 927 1290 1006 quiin
1321 930 1333 952 '

238 1017 242 1022 ’
262 1037 340 1116 ipsis
361 1036 522 1098 beneficiis
543 1035 642 1099 uelint
664 1045 695 1098 et
715 1037 844 1099 ualeant
858 1038 1017 1111 residere,
1040 1045 1071 1099 et
1084 1037 1291 1118 personaliter

263 1167 322 1229 per
342 1167 376 1209 se
397 1148 482 1228 ipsos
504 1155 616 1209 elnon
636 1167 693 1229 per
708 1147 784 1210 ulios
800 1147 978 1221 deseruire,
1001 1150 1182 1210 ordinamus
1197 1157 1291 1230 atque

263 1257 464 1339 precipimus,
480 1265 514 1319 ut
528 1275 636 1321 omnes
652 1267 683 1320 et
697 1259 811 1340 singuli
825 1257 967 1339 plebani,
988 1269 1128 1321 rectores
1143 1267 1175 1320 et
1188 1259 1292 1340 capel·

263 1369 326 1430 lani
347 1369 549 1430 ecclesiarum
572 1369 798 1450 parochialium
821 1371 921 1433 tocius
940 1371 1109 1452 legacionis
1128 1369 1217 1432 nolris
1239 1389 1292 1430 co-

265 1481 360 1541 misse
373 1480 405 1540 in
420 1480 496 1560 ipsis
511 1482 691 1542 deseruiant
705 1499 761 1560 per
775 1469 809 1542 se
823 1481 920 1559 ipsos,
950 1489 982 1542 et
999 1499 1062 1542 non
1078 1500 1135 1561 per
1148 1469 1290 1553 nicorios,

264 1591 466 1672 perhibentes
481 1611 521 1653 ne
535 1590 631 1671 aliqui
646 1590 753 1654 talium
766 1589 969 1652 ecclesiarum
984 1601 1123 1654 rectores
1134 1593 1174 1652 de
1185 1598 1291 1652 cetero

265 1701 384 1782 absque
399 1701 637 1762 diecesanorum
652 1721 825 1773 consensu,
846 1702 961 1782 quibus
982 1702 1115 1764 ecclesie
1136 1702 1206 1783 ipse
1218 1701 1292 1762 snb·

265 1819 350 1883 sunt,
373 1811 496 1892 aliquos
518 1811 682 1872 instituant
694 1812 839 1885 uicarios,
861 1813 912 1872 uel
925 1813 1082 1876 institutes
1096 1813 1129 1874 in
1144 1813 1188 1876 eis
1204 1821 1294 1874 tene·

266 1931 321 1984 ant
333 1923 386 1984 uel
400 1923 584 1984 sustineant.
613 1924 713 2003 etqui
728 1931 838 1984 contra
853 1923 986 1985 iecerint
999 1924 1152 1986 fructibus
1172 1933 1204 1985 et
1220 1940 1294 2004 pro·

264 2034 412 2096 uentibus
433 2032 516 2095 illius
536 2034 669 2096 ecclesie
691 2055 750 2114 per
771 2053 887 2095 annum
910 2034 971 2096 sint
989 2035 1059 2116 ipso
1079 2035 1147 2096 iure¹
1163 2034 1293 2115 priuati,

266 2143 403 2226 dictique
418 2143 538 2206 fructus
555 2145 596 2206 de
612 2145 760 2206 mandato
776 2145 934 2206 diecesani
950 2145 1092 2226 episcopi
1109 2145 1143 2205 im
1161 2145 1248 2206 libris
1262 2152 1294 2206 et

266 2255 457 2318 ornamentis
481 2255 699 2318 ecclesiasticis
719 2257 759 2316 ad
778 2273 855 2336 opus
871 2256 1011 2317 eiusdem
1027 2257 1160 2318 ecclesie
1173 2255 1294 2317 irreco-

267 2367 409 2431 cabiliter
428 2369 656 2449 expendantur.
687 2381 746 2430 nec
767 2375 859 2429 antea
884 2367 1059 2448 percipiant
1080 2369 1119 2430 de
1141 2367 1293 2428 fructibus

267 2479 472 2542 ecclesiarum
493 2476 632 2558 ipsarum
641 2518 650 2549 ,
681 2497 775 2558 qnam
799 2476 993 2539 sufficienter
1018 2474 1176 2552 cauerint,
1208 2479 1294 2559 quod

266 2587 448 2650 huiusmodi
462 2586 723 2649 constitucionem
737 2575 959 2650 inuiolabiliter
973 2589 1194 2650 obseruabunt.
1221 2589 1293 2650 illos

267 2705 372 2761 eutem
391 2699 446 2780 qui
469 2707 577 2760 contra
590 2706 733 2760 tenorem
752 2698 990 2761 constitucionis
1013 2698 1167 2779 presentis
1187 2699 1295 2760 huius-

267 2809 353 2870 modi
375 2807 555 2889 receperint
576 2809 728 2882 uicarios,
758 2826 887 2870 suorum
913 2807 1143 2870 ordinariorum
1165 2810 1295 2900 arbitrio

266 2921 472 3002 relinquimus
491 2920 677 3000 puniendos.

350 3028 417 3111 (17)
439 3030 699 3102 Coniuraciones,
728 3029 964 3111 colligaciones,
994 3041 1024 3094 et
1045 3029 1296 3112 conspiraciones

224 3140 226 3146 ’
267 3144 350 3206 inter
370 3159 522 3223 personas
545 3139 772 3202 ecclesiasticas
793 3157 982 3222 quoeunque
1002 3141 1096 3202 modo
1109 3141 1222 3202 fraude
1243 3141 1297 3202 uel

267 3253 395 3336 ingenio
410 3235 592 3314 omninode
611 3259 716 3312 cetero
738 3249 807 3310 fieri
828 3250 1040 3330 prohibemus,
1061 3251 1223 3331 iactasque
1236 3270 1298 3313 nec

267 3383 332 3426 non
354 3363 542 3432 iuramenta,
569 3359 807 3439 promissiones,
834 3361 1045 3442 oblignciones
1067 3370 1099 3424 et
1120 3361 1181 3422 alia
1200 3378 1298 3441 super

268 3471 419 3558 predictis
439 3471 586 3552 prestita,
607 3470 660 3532 uel
674 3491 736 3552 que
754 3473 797 3533 de
818 3482 925 3534 cetero
940 3493 1036 3552 super
1050 3473 1104 3534 his·
1114 3471 1182 3534 lieri
1198 3467 1299 3534 conti·

270 3583 366 3667 gerit,
386 3579 439 3642 uel
457 3580 592 3662 prestari
612 3591 665 3642 out
685 3601 793 3644 earum
812 3585 980 3646 occasione
1002 3583 1125 3664 penitus
1146 3583 1299 3664 reproba-

269 3713 357 3766 mus,
378 3690 579 3754 dissoluimus
601 3699 695 3775 atque
717 3711 892 3766 cessamus,
914 3703 945 3755 et
967 3711 1022 3757 eos
1044 3696 1099 3776 qui
1118 3693 1299 3756 huiusmodi

269 3803 504 3886 promissiones,
524 3802 745 3885 obligaciones,
767 3812 820 3865 aut
832 3803 1142 3868 eciamiuramenta
1162 3805 1221 3866 sub
1242 3803 1300 3866 ati·

271 3915 384 3999 quibus
400 3915 501 3976 eciem
514 3913 702 3994 pecuniariis
717 3915 772 3976 uel
784 3911 852 3976 aliis
866 3917 959 3996 penis
970 3916 1115 3978 lecerunt
1129 3923 1185 3976 unt
1197 3914 1298 3977 eciem

270 4028 491 4110 prestiterunt,
511 4027 653 4107 protinus
663 4021 868 4090 obsoluentes
880 4026 967 4108 ipsos
981 4026 1192 4100 decernimus,
1214 4025 1300 4087 elad

272 4130 531 4202 obseruacionem
554 4131 810 4200 eoninraciouum'
833 4143 864 4199 et
881 4131 1155 4218 ¹conspiracionem
1176 4133 1301 4199 etolrli-

272 4249 439 4340 gecionum
461 4247 618 4336 ipsarum,
649 4245 701 4314 nel
724 4247 917 4315 solucionem
941 4247 1119 4337 aliquorum
1145 4265 1301 4335 penarum
