2904 4754
263 411 324 482 stt
365 429 507 482 seorsus
519 429 564 480 m.
580 427 670 480 nors
683 431 834 480 marris
848 429 1102 478 soeaosrsssrmr.
1140 409 1227 476 1277.

264 591 332 654 sine
355 587 507 672 periersio,
534 585 606 650 iiiiis
628 607 736 652 eoram
761 587 845 669 apud
868 587 1005 650 eundem
1029 605 1140 668 regem
1164 583 1282 646 Botuie

264 699 499 764 rennuentibus
514 699 734 772 restituerunt,
748 696 949 781 promisimus
963 705 995 760 et
1009 695 1218 778 promittimus
1232 695 1288 756 eis-

265 813 354 888 dem,
376 822 410 876 ut
423 813 509 894 ipsos
524 811 610 874 ciues
625 820 750 874 nostros
763 797 796 872 iia
812 811 925 873 cariem
948 809 1091 872 iibertate
1107 795 1309 889 indempnes'

264 921 487 986 inuiolabiliter
506 922 783 995 conseruabinus,
809 941 903 1004 quam
925 921 1046 984 eisdem
1060 921 1207 982 domiuus
1222 917 1294 978 Boia

266 1043 490 1108 consumtus,
521 1041 554 1097 et
577 1033 754 1115 Stephanus
780 1041 1010 1114 paternoster,
1040 1031 1178 1096 iilustres
1204 1051 1292 1114 reges

265 1145 505 1230 Hungarorum,
524 1145 686 1208 mediante
698 1143 866 1226 prisniegio
879 1145 1054 1206 eorundem
1067 1151 1293 1207 concesserunt
1360 1229 1363 1234 Ι

267 1267 299 1321 et
313 1258 507 1322 ordinarunt.

345 1370 521 1451 Propterea
534 1369 695 1431 uolumus:

350 1483 412 1556 (1)
435 1482 521 1563 quod
542 1481 637 1542 iidem
660 1479 747 1542 ciues
769 1499 786 1541 a
806 1477 1020 1542 iurisdictione
1042 1487 1074 1542 et
1090 1488 1245 1562 potestate
1260 1499 1293 1542 ac

266 1593 382 1656 iudicio
398 1591 538 1658 omnium
553 1591 707 1654 baronum
721 1597 900 1654 nostrornm
910 1597 947 1656 et
959 1590 1138 1672 specialiter
1148 1591 1295 1654 comitum

267 1702 526 1785 Suprunieusium
537 1721 596 1783 pro
607 1710 749 1783 tempore
761 1701 1012 1776 constitutorum,
1023 1702 1160 1784 exempti
1172 1703 1295 1784 penitas

268 1821 301 1878 et
314 1813 438 1893 excepti
452 1813 638 1874 habeantur.
665 1811 708 1874 ita
723 1813 807 1894 qood
830 1831 940 1874 omnes
955 1831 1065 1875 causas
1080 1821 1143 1874 tam
1161 1814 1296 1876 maiores

268 1939 365 2005 quarn
380 1923 526 1995 minores,
547 1941 673 2004 quoque
688 1939 785 2003 super
799 1923 952 1986 effusione
968 1923 1155 2006 sanguinum
1171 1899 1227 1986 uei
1239 1925 1296 1986 iro-

268 2032 389 2098 micitiii
405 2032 487 2095 inter
504 2033 589 2116 ipsos
612 2039 828 2115 emergentes,
849 2031 974 2095 uiiiious
989 2035 1130 2115 ipsorum
1144 2056 1205 2116 pro
1220 2043 1296 2098 tem·

267 2165 346 2229 pore
366 2147 566 2219 constitutus,
591 2164 686 2227 quem
707 2143 805 2207 iidem
827 2145 912 2206 ciues
932 2145 1142 2208 communiter
1162 2147 1197 2208 iu
1218 2147 1296 2210 sesto

269 2279 294 2320 s.
305 2258 431 2340 Georgii
452 2257 619 2339 elegerint,
639 2257 757 2320 iudicet
778 2265 809 2318 et
830 2258 978 2319 decernat
1001 2275 1087 2319 more
1112 2257 1233 2320 ciuium
1248 2258 1297 2319 ai·

268 2369 608 2442 percunctatorem
622 2369 781 2450 hospitam
796 2367 828 2430 in
843 2375 1065 2450 reguouostro
1081 2369 1296 2432 existcucium.

351 2481 411 2554 (2)
429 2479 470 2540 Et
488 2480 514 2540 si
536 2479 621 2541 idem
638 2479 763 2540 uiiiicus
783 2476 814 2540 ia
835 2479 977 2540 facientia
998 2479 1122 2542 iusticia·
1133 2477 1298 2562 negligens

203 2668 213 2680 ·
268 2589 375 2662 inerit,
396 2605 461 2650 noa
482 2604 570 2662 reus,
592 2587 650 2650 sed
663 2589 785 2652 uiiiicos
801 2589 840 2652 ati
856 2597 995 2652 nostram
1012 2591 1207 2670 presenciam
1223 2611 1297 2653 euo-

269 2707 367 2772 cetur,
389 2705 421 2762 et
441 2714 497 2761 nos
517 2699 724 2780 personaliter
743 2699 954 2763 decernemus
975 2701 1014 2764 tie
1036 2701 1153 2764 caussis
1173 2719 1297 2764 eorum·

268 2813 350 2876 dem.

350 2925 411 2999 (3)
443 2922 588 2986 Ceteram
617 2923 707 2985 nobis
735 2940 794 3004 pro
822 2923 1054 2987 reformatione
1082 2930 1180 2987 status
1209 2925 1298 3009 regni

267 3035 366 3098 nostri
379 3033 420 3098 ad
434 3035 464 3096 d.
478 3033 681 3115 liudolphum
700 3052 808 3116 regem
828 3035 1042 3098 Romanorum
1064 3027 1295 3111 accedentibus,

268 3151 299 3208 et
313 3145 396 3208 iuter
410 3145 470 3206 aiia
484 3145 616 3226 negocia
632 3155 740 3206 nostra
757 3145 913 3227 adipsum
932 3156 1067 3210 castrum
1083 3157 1224 3210 nostrum
1240 3147 1295 3210 Su·

268 3275 349 3339 pron
364 3255 601 3329 dinerieotibtas,
623 3257 891 3340 consideratisque
915 3259 1048 3342 antiquis
1069 3279 1202 3340 operum
1224 3281 1295 3322 cou-
1337 3288 1340 3317 ι

268 3367 479 3430 sumcionibus
495 3375 526 3428 et
540 3365 682 3429 fracturis
697 3370 727 3428 in
743 3371 857 3432 eodem
871 3376 974 3434 castro
986 3379 1092 3433 nostro
1103 3373 1241 3452 Supron,
1257 3363 1294 3436 aa

269 3477 508 3558 reparacionem
523 3477 706 3537 earumdem
720 3477 925 3542 fracturarum
938 3482 1149 3544 concessimus
1161 3489 1192 3544 et
1203 3485 1296 3548 tradi·

271 3587 373 3650 Gimus
391 3587 510 3648 eisdem
525 3585 648 3650 ciuibus
663 3587 843 3652 uicesimam
860 3593 1054 3655 decimarum
1073 3593 1213 3676 frugum,
1236 3591 1299 3680 que'

270 3698 310 3760 tie
325 3695 456 3760 decima
468 3716 540 3759 near
563 3699 658 3778 patris
673 3699 814 3781 episcopi
829 3697 1017 3765 {aeduensis
1032 3705 1063 3766 in
1079 3705 1229 3770 comitatu
1241 3695 1294 3770 Su-¹

269 3811 349 3891 prou
360 3809 530 3890 prouenire
540 3829 643 3872 annue
655 3810 806 3874 debemus
818 3811 849 3874 et
860 3813 988 3887 habere,
1002 3815 1042 3876 ita
1053 3823 1088 3878 ut
1099 3816 1185 3878 ciues
1196 3817 1294 3899 ipsam

270 3917 452 3984 uicesimum
471 3919 667 3982 decimarum
688 3929 842 4004 perpetuo
863 3923 990 3987 uaie'ant
1012 3942 1051 3987 ex
1072 3927 1159 4008 regia
1174 3927 1295 3990 munifi-

270 4031 378 4094 caucia
399 4048 457 4112 pro
478 4029 693 4113 reparacioae'
706 4031 813 4108 castri,
842 4041 877 4097 ut
894 4035 1102 4116 prediximus,
1123 4039 1295 4119 possidere.

279 4159 296 4172 ’·
350 4141 409 4218 (i)
430 4143 478 4206 Ad
498 4143 559 4205 hec
578 4137 753 4219 uolumus-³
767 4147 852 4228 quoi
874 4136 1075 4210 medietatem
1094 4146 1204 4212 tributi
1223 4151 1301 4213 Fen.

268 4248 362 4328 tuen,
383 4273 479 4338 quam
497 4251 574 4317 Boia
595 4271 672 4318 auus
693 4261 809 4332 noster,
831 4263 863 4320 et
877 4257 1054 4341 Stephanus
1075 4269 1167 4343 pater
1188 4267 1294 4326 noster
