2904 4754
258 377 319 442 472
347 397 434 442 uuum
449 397 490 441 ru.
511 395 661 440 tunsurus
680 393 836 440 nosurruur
855 395 896 440 nu
917 393 1172 440 uuuuncnrnrzu.
1201 373 1289 439 tutu.

341 546 384 630 (l)
405 549 548 613 Ecclesia
566 567 644 611 uero
665 567 775 610 eorum
795 548 836 610 ad
851 545 1154 629 archiepiscopatum
1171 546 1283 630 Strign-

258 662 401 724 nieusem
422 662 627 734 contineatur,
650 669 681 723 et
703 659 743 722 sit
762 661 830 722 sine
851 659 1065 724 iurisdictione
1082 660 1283 742 magistratus.

344 771 391 854 (5)
413 771 550 836 Plehanu
573 791 649 834 uero
665 771 838 836 eorundem
859 771 898 834 de
915 770 1142 854 quinquaginta
1154 771 1281 834 mansiu-

258 884 350 946 nihus
371 884 446 949 dent
470 903 565 946 unam
589 902 736 946 marcam.
768 891 800 946 et
826 903 896 946 cum
923 882 1109 946 aduenerint
1132 882 1280 956 lectiones,

261 995 336 1056 dent
357 995 523 1076 prandium
547 1001 580 1056 et
602 1013 712 1058 cenam
732 1011 795 1056 uua
809 993 870 1056 die.
902 992 934 1056 in
956 991 1098 1076 quolibet
1115 1011 1191 1053 uero
1205 1011 1277 1054 auno

260 1105 338 1166 nihil
359 1105 457 1188 magis
480 1105 604 1168 soluere
621 1113 794 1179 teneantur,
816 1103 877 1166 nisi
892 1106 924 1166 in
939 1104 1020 1168 sesto
1035 1125 1059 1166 s.
1073 1103 1229 1166 Michaelis
1243 1105 1276 1165 ule

261 1215 400 1298 qualibet
418 1224 510 1298 porta
530 1217 592 1278 dun
613 1215 766 1298 pondera.
796 1224 827 1278 ct
842 1233 912 1276 cum
928 1213 1059 1276 collecta
1073 1215 1156 1295 regis
1172 1234 1223 1295 per
1235 1223 1277 1278 tu-

259 1336 325 1390 tum
347 1348 479 1410 reguum
503 1329 653 1410 exigetur,
684 1327 744 1410 ipsi
766 1337 885 1408 purtem
910 1325 1041 1390 collecte
1064 1326 1145 1388 dicte
1166 1325 1276 1388 soluere

259 1447 435 1502 teneantur.

341 1548 385 1632 (6)
406 1551 454 1613 Ad
475 1550 575 1632 ipsam
595 1558 699 1613 autem
719 1550 901 1632 cougregati
917 1549 1083 1612 cuiuslibet
1096 1549 1276 1612 condicionis

261 1669 292 1727 et
310 1662 417 1744 lingue
432 1662 575 1724 homiues
590 1682 652 1724 una
668 1661 836 1743 iungantur
849 1661 1002 1725 libertate.

342 1771 390 1854 (7)
412 1773 562 1836 Utilitates
586 1793 663 1836 uero
685 1773 837 1838 dictarum
857 1783 1028 1858 terrarum,
1048 1783 1112 1838 tam
1131 1775 1279 1837 muncium

261 1904 356 1966 quam
369 1883 498 1946 uallium
511 1891 544 1975 et
557 1903 729 1966 aquarum,
750 1904 787 1946 ac
802 1885 899 1948 eciam
915 1893 1066 1966 quantum
1083 1893 1214 1968 possunt
1224 1904 1280 1946 unc

261 1996 311 2058 die
324 2015 395 2057 cum
409 1995 556 2076 percibus
568 2001 601 2056 et
615 1996 781 2076 pecoribus
796 1995 835 2058 ud
849 1995 961 2058 siluam
972 1995 1095 2078 Bercgh
1109 1997 1281 2077 peruenire,

259 2105 434 2188 percipiant
456 2105 546 2168 sicuti
567 2105 691 2178 uolunt,
713 2113 744 2168 ct
765 2106 797 2166 in
816 2107 925 2168 eadem
945 2107 1022 2170 silua
1043 2107 1128 2190 ligna
1144 2114 1283 2169 mactare.

344 2213 388 2296 (8)
410 2215 443 2277 Si
458 2215 527 2298 quis
549 2224 653 2278 autem
675 2215 838 2278 huminum
859 2217 909 2278 sui
929 2218 1057 2280 heredis
1072 2217 1189 2280 sulaciu
1204 2239 1284 2281 care-

259 2333 324 2400 ret,
345 2328 378 2390 id
394 2335 441 2390 est
454 2326 519 2388 filio
535 2336 565 2390 et
578 2327 657 2401 fitia,
680 2336 710 2390 et
724 2337 798 2390 tunc
813 2330 852 2390 de
870 2330 962 2392 rehus
977 2330 1121 2394 eiusdem
1136 2331 1204 2392 siue
1217 2350 1285 2412 pus-

261 2440 418 2512 sessione,
439 2439 535 2502 nichil
548 2439 693 2502 dominus
707 2441 886 2503 niceccmes
900 2443 1041 2523 recipere
1055 2450 1212 2516 teneatur,
1233 2443 1285 2506 sed

261 2550 435 2630 cuicunque
450 2548 536 2612 uolet
549 2549 678 2614 liberum
692 2551 807 2614 haheat
822 2553 917 2616 dandi
931 2574 988 2616 seu
1003 2554 1179 2617 dimittendi
1193 2553 1286 2618 facul·

261 2667 371 2724 tatem.
1174 2729 1177 2734 ,
1206 2741 1209 2748 ⁴

343 2769 389 2854 (9)
411 2773 527 2835 Forum
541 2774 680 2838 habeant
693 2775 744 2838 die
758 2777 900 2852 sabatho,
919 2785 1027 2840 ettam
1041 2785 1181 2842 ementes
1196 2797 1285 2860 qnam

260 2885 436 2950 uendentes
458 2885 537 2948 nihil
557 2887 655 2970 magis
674 2886 799 2952 soluere
822 2895 998 2966 teneantur,
1019 2890 1080 2952 nisi
1095 2892 1135 2953 de
1150 2891 1286 2973 quclihet

261 3018 355 3060 curru
370 3019 467 3060 uuum
482 2999 655 3060 denarium.

342 3107 407 3191 (10)
428 3111 502 3172 Uice
518 3118 624 3174 autem
639 3112 745 3174 comiti
758 3123 866 3176 nostro
882 3115 922 3176 ad
934 3115 1063 3178 eusdem
1078 3115 1286 3180 uenienti

262 3221 337 3283 dent
350 3221 515 3301 prandium
532 3227 564 3282 et
578 3241 687 3284 cenam
702 3243 765 3285 unu
782 3225 843 3288 die.

345 3329 415 3414 (11)
438 3331 472 3394 si
486 3339 589 3395 autem
604 3332 720 3396 liberos
733 3335 877 3400 hemines
891 3337 930 3400 ad
948 3337 1049 3418 ipsam
1070 3347 1186 3402 terram
1201 3341 1288 3404 ueni·

261 3449 350 3506 entes
365 3443 613 3518 molestauerint,
635 3452 666 3508 et
680 3447 878 3527 prohibendo
893 3451 1127 3527 damnauerint,
1147 3451 1226 3516 iram
1239 3474 1288 3516 re·

262 3553 344 3638 giam
359 3555 535 3629 incurrent,
548 3563 589 3618 »et
602 3557 744 3620 sencient
758 3579 867 3624 munus
878 3569 1016 3624 nostras.

343 3667 378 3728 lu
397 3667 484 3730 euius
503 3668 549 3730 rei
568 3669 782 3734 testimonium
806 3679 837 3733 et
852 3673 1037 3735 memoriam
1052 3674 1195 3740 dedimus
1216 3697 1288 3758 pre-

260 3798 334 3842 sens
355 3778 513 3861 scriptum.
535 3780 642 3842 datum
662 3800 745 3844 anno
766 3782 883 3845 domini
904 3783 1110 3846 MCCXLVII.

599 4071 945 4100 mam-*maan
