2978 4754
484 437 676 524 praecursum
703 439 741 486 uu
770 439 880 488 vtato.
1139 407 1200 512 713

167 602 269 662 resset
294 613 386 668 eum,
419 603 451 658 et
474 592 622 676 gladium:
636 613 732 676 super
751 593 855 678 ipsum
877 590 1088 676 euaginasset.
1119 613 1200 676 quos

166 707 294 770 Ioachin
316 704 451 768 uicarius
472 705 568 768 iudex
582 705 717 770 Ladislai
738 706 859 769 comitis
875 713 1062 798 aenatorum
1078 706 1200 768 hubaii-

166 838 279 882 uorum
295 816 489 889 discuciens,
504 837 561 896 per
575 817 759 897 pristaldum
774 817 900 880 nomine
910 817 1103 898 Stephanum
1117 815 1201 880 misit

167 926 373 1000 Uaradiuum,
394 925 449 986 ubi
463 926 566 988 taliter
580 925 733 1008 pacificati
748 935 836 1001 sunt,
859 928 944 1010 quod
956 925 1071 988 Uolura
1086 927 1201 990 dimisit
1305 993 1307 996 ,
1404 931 1407 937 ’

166 1041 261 1108 Petro
281 1046 382 1101 totum
399 1037 549 1120 quicquid
564 1037 761 1118 requirebat,
784 1046 814 1100 et
827 1037 912 1099 idem
925 1037 993 1118 ipse
1008 1037 1094 1099 dabit
1106 1039 1199 1100 Petro
1281 1047 1283 1052 '

165 1163 265 1213 unum
285 1149 452 1212 fertonem.
470 1119 590 1210 xPetrus
612 1157 717 1213 autern
738 1148 933 1210 satisfaceret
957 1147 1061 1211 iudice
1084 1157 1115 1212 et
1137 1151 1201 1232 pri-

166 1261 279 1334 staido,
300 1267 332 1322 et
345 1259 437 1322 ambo
452 1279 577 1340 semper
592 1259 744 1322 essentia
758 1279 849 1341 paee.

250 1372 348 1446 (aot)
369 1369 476 1443 Misce,
497 1369 641 1450 Ioannes,
663 1371 761 1434 Buctu
782 1379 814 1442 et
830 1372 967 1437 abraam
990 1370 1048 1433 fini
1066 1373 1199 1434 Bucanis

169 1485 213 1548 de
224 1484 342 1547 Boiano
366 1482 574 1564 imperiorum
588 1483 737 1545 loannem
752 1483 850 1546 filium
866 1482 957 1566 Opoy
973 1483 1012 1546 de
1027 1483 1145 1566 Rahay,
1167 1493 1198 1552 et

167 1595 387 1658 Bienorieuses
410 1593 448 1654 de
464 1592 526 1656 aiio
541 1593 676 1666 Boiano,
692 1593 817 1666 ¹scilicet
832 1593 983 1657 Chemem
1006 1603 1038 1659 et
1052 1575 1198 1668 Temem,

158 1713 200 1794 ¹et
214 1725 325 1767 omnes
339 1713 515 1769 cestrenses
531 1704 570 1766 de
586 1705 698 1766 eadem
711 1705 803 1779 uilla,
818 1706 959 1769 dicentes
975 1709 1062 1790 quod
1076 1707 1197 1770 nullum

167 1817 322 1881 haberent
344 1815 537 1878 consortium
560 1835 631 1878 eum
655 1815 700 1877 eis
722 1818 760 1878 de
784 1817 972 1880 arundineto
995 1827 1026 1880 et
1043 1819 1152 1882 insulis
1168 1824 1200 1880 et

166 1925 333 2010 paludibus
352 1933 383 1989 et
403 1925 479 1990 iocis
500 1925 699 2008 piscaciouis.
729 1927 773 1990 iiii
793 1936 922 1990 econtra
941 1929 1089 2015 dixerunt
1111 1951 1145 1992 se
1165 1931 1198 1994 iu

167 2040 313 2125 omnibus
327 2037 474 2121 predictis
490 2038 597 2100 usibus
613 2059 653 2102 er
665 2057 747 2120 equo
761 2059 830 2101 esse
842 2049 1016 2116 consortes.
1033 2040 1132 2124 Gyula
1142 2043 1199 2122 igi·

166 2159 218 2214 tur
233 2149 388 2232 palatinus
402 2169 509 2216 comes
525 2151 702 2213 discuciens
716 2171 783 2225 eos,
803 2171 860 2233 per
876 2151 1057 2232 pristaldum
1071 2155 1197 2218 nomine

165 2255 272 2344 Gyurc
291 2261 388 2324 filium
403 2263 512 2344 Moyse
532 2263 571 2324 de
587 2262 661 2324 uilla
674 2262 794 2326 Heldus
817 2263 900 2326 misit
917 2265 957 2326 ad
973 2285 1106 2328 examen
1121 2259 1198 2330 feiri

168 2373 329 2454 candentis
339 2373 539 2447 Uaradinum,
549 2373 604 2436 ubi
616 2373 718 2436 taliter
728 2384 958 2450 conuenerunt,
970 2379 1055 2460 quod
1066 2377 1199 2442 Ioannes

168 2495 200 2550 et
213 2483 433 2550 Bichorieuses
454 2483 494 2545 de
509 2484 627 2546 Boiano
644 2483 790 2566 equalem
803 2485 958 2549 haberent
972 2488 1198 2568 proprietatem

169 2601 203 2658 et
220 2595 412 2658 consortium
436 2593 584 2676 generate
607 2594 646 2656 de
666 2583 868 2670 arundineto,
889 2595 922 2656 in
944 2597 1148 2660 arundinibus
1169 2604 1200 2660 et

141 2770 144 2775 ,
167 2706 246 2768 loeis
261 2705 490 2787 piscaciuuum,
511 2725 582 2770 cum
597 2705 668 2766 finis
687 2707 837 2770 Buctonis
852 2707 891 2769 de
907 2708 968 2770 alio
983 2697 1112 2771 Boiano.
1142 2709 1200 2772 sed

169 2817 333 2882 deiusulis
348 2825 469 2879 tantum
486 2818 565 2890 due,
587 2817 708 2880 scilicet
721 2815 947 2900 insolaMyske
963 2827 995 2880 et
1008 2817 1117 2892 Fecel,
1137 2841 1199 2900 que

168 2929 317 2992 uidelicet
330 2929 362 2990 in
377 2927 519 2991 interiori
536 2933 624 3010 parte
634 2937 711 2990 sunt
725 2927 902 2990 arundineti
917 2927 1049 3009 predicti
1063 2930 1200 3004 loannis,

170 3049 254 3103 esset
274 3048 306 3102 et
318 3039 570 3102 Bichoriensium
593 3039 653 3102 atie
673 3059 752 3101 uero
774 3037 892 3112 insule,
914 3057 977 3120 que
998 3041 1031 3100 iu
1052 3040 1200 3104 exteriori

171 3160 260 3234 parte
274 3150 454 3214 arundineti
469 3159 555 3226 sunt,
576 3149 648 3212 filiis
663 3149 811 3213 Buctonis
826 3149 1004 3223 attinerent,
1024 3151 1057 3212 iu
1070 3153 1200 3232 premit-

168 3263 270 3326 tendis
286 3271 391 3324 autem
406 3263 562 3325 extraneis
577 3263 617 3324 ad
632 3261 867 3343 percipiendum
890 3259 1027 3344 aliquem
1046 3283 1137 3324 usum
1159 3263 1198 3326 de

169 3375 356 3438 arundineto
371 3372 416 3435 sic
432 3393 597 3436 commune
613 3375 661 3436 ius
676 3382 708 3437 et
723 3373 835 3456 equale
849 3373 1019 3449 haberent,
1041 3383 1075 3437 ut
1088 3382 1201 3450 neutra

167 3483 380 3568 predictarum
401 3483 547 3548 uillarum
568 3485 673 3566 piures
695 3487 735 3548 de
759 3485 826 3550 aliis
842 3487 937 3561 uillis,
957 3487 1025 3550 siue
1041 3505 1200 3550 consensu

167 3597 303 3678 relique,
324 3598 364 3660 ad
387 3575 575 3660 sumendum
597 3591 722 3679 aliquid
734 3598 774 3659 de
795 3597 983 3660 arundineto
996 3598 1200 3680 permittendi
1228 3589 1239 3616 “

166 3712 214 3776 fas
229 3711 376 3776 haberet.
399 3713 438 3775 de
449 3711 524 3774 uilia
535 3720 639 3776 autem
654 3710 724 3774 talis
739 3711 823 3774 facta
835 3717 883 3772 est
894 3711 1097 3792 composicio,
1112 3713 1199 3794 quod

166 3843 356 3906 quecunque
371 3825 423 3886 uia
438 3825 658 3886 arundinetum
673 3831 758 3886 esset
771 3821 906 3883 filiorum
916 3821 1074 3895 Buotonis,
1094 3821 1197 3884 eidem

164 3935 291 4000 Ioannis
314 3955 441 4018 quoque
464 3945 496 3999 et
517 3935 703 3998 conuillauis
723 3933 792 3998 eius
808 3934 1019 3998 Bichoriensis
1039 3935 1107 3998 siue
1123 3953 1199 3995 con-

166 4045 355 4115 tradictione
370 4055 541 4110 teneretur.

249 4159 346 4235 (292)
368 4159 473 4222 Uarou
495 4158 534 4221 de
549 4157 626 4220 uilla
639 4139 707 4220 Bud
724 4157 863 4240 impeoiit
878 4141 1089 4222 conrdlianum
1103 4177 1196 4220 suum

164 4271 348 4336 Emericum
372 4291 429 4358 pro
451 4290 515 4336 una
535 4289 643 4334 marca
664 4279 695 4335 et
717 4269 860 4348 dimidia,
881 4271 986 4336 iudice
1007 4269 1196 4335 Leustachio

907 4370 948 4434 to
