2978 4754
514 418 699 494 aarum
722 445 903 494 ommno
1160 429 1221 496 iii

192 599 323 682 insuper
335 615 430 662 unum
447 615 604 674 micum,
625 599 711 664 idom
729 601 830 666 eciem
847 601 1047 668 enumeret
1062 595 1223 685 pronun·

192 709 297 774 iudice
310 729 390 772 uere
403 709 510 772 Kniuz.
696 755 700 764 .
1051 753 1055 771 .

275 817 364 903 (386)
385 821 500 884 Houod
517 821 655 902 impeciit
668 841 796 887 seruum
809 823 938 906 Keroiiy
951 825 1078 889 nomine
1093 826 1222 892 neuun

195 933 235 998 de
252 932 325 998 uilis
343 932 404 995 iiet
423 949 482 1014 pro
504 931 598 1008 furto,
619 933 722 996 iudice
741 935 898 1000 Nuethien
918 936 1165 1002 cuninlicomite
1181 940 1222 1004 de

192 1043 318 1118 monor,
338 1052 370 1106 et
388 1043 493 1108 Meron
512 1043 622 1117 biicto,
644 1046 793 1126 pristuido
815 1065 892 1112 uero
905 1048 1078 1130 Stephano.
1106 1047 1224 1114 Honod

192 1157 391 1220 renuneinnit
408 1157 523 1220 actioni
544 1175 615 1218 cum
639 1165 771 1220 uentum
791 1169 877 1223 esset
889 1161 1093 1237 Uoradinum,
1115 1162 1222 1226 dicens

193 1269 279 1352 qrmd
294 1267 371 1330 ieise
386 1267 533 1349 opinione
548 1268 642 1332 ducta
655 1269 743 1330 iilum
756 1270 946 1352 impeciorct.

276 1375 363 1460 (387)
384 1378 539 1460 Seraphin
560 1378 603 1443 de
626 1379 701 1442 uilla
721 1381 893 1464 Kourongy
918 1382 1056 1464 impeeiit
1079 1383 1221 1448 Fursium

192 1489 290 1553 fliium
305 1489 384 1552 Petii
404 1487 572 1552 conuiileni
591 1490 640 1552 sui
663 1490 702 1552 de
723 1499 871 1573 quattuor
891 1493 1015 1568 ouibus,
1036 1493 1141 1556 iudice
1155 1493 1221 1558 iulo

192 1601 258 1663 iilic
273 1599 348 1664 Uate
370 1599 497 1662 domine
512 1619 639 1674 eorum,
660 1599 811 1682 pristaldo
826 1602 913 1664 Dice.
946 1602 1049 1666 teiitcr
1063 1620 1221 1668 conuene-

193 1719 282 1786 runt,
303 1713 389 1794 quod
409 1709 521 1785 iudici,
543 1711 693 1794 pristaldo
708 1719 740 1774 et
754 1711 824 1774 ioco
838 1711 930 1774 simui
944 1713 1169 1790 satisfacerent,
1190 1724 1222 1780 et

193 1821 322 1884 dendrm
337 1822 443 1883 cuium
457 1819 581 1884 illarum
597 1821 696 1885 eciem
711 1821 804 1884 simui
817 1822 1043 1888 satisfacerent.

277 1929 363 2014 (388)
385 1931 474 2013 Agyn
488 1931 614 2013 icbngic
627 1931 734 1994 Cesari
747 1931 804 1996 iiiii
816 1933 893 2016 Legi
906 1935 1045 2018 impeciit
1059 1937 1221 2002 deminum

192 2033 321 2127 En'gues
333 2043 373 2106 de
383 2041 515 2106 Kalatha
530 2061 585 2125 pro
600 2041 694 2104 furto.
714 2063 796 2126 quos
806 2044 960 2108 Nuethlen
976 2047 1100 2110 curialis
1114 2065 1221 2112 comes

194 2155 234 2218 dc
248 2153 363 2216 Bichcr
383 2154 560 2217 discuciens
580 2153 620 2216 ad
634 2155 803 2236 praudem',
824 2175 881 2236 per
894 2157 1078 2237 pristaidum
1093 2159 1220 2222 nomine

193 2266 313 2328 Lucum
335 2266 376 2328 de
388 2263 465 2330 uiiir
479 2265 577 2326 Lomb
600 2264 683 2328 misit
697 2265 897 2328 Ueradinum.
923 2267 977 2362 ubi
990 2268 1118 2350 Engues
1132 2268 1222 2332 iusti-

189 2377 300 2440 iieutus
315 2383 373 2440 est.
869 2417 871 2422 ,

273 2485 363 2570 (389)
386 2487 469 2563 Quid
483 2486 565 2550 iilius
581 2485 692 2550 Olihrii
714 2487 836 2550 comitis
851 2487 940 2552 duxit
959 2489 991 2552 in
1013 2509 1139 2555 causum
1157 2491 1220 2556 im-

190 2607 270 2664 trem
284 2619 375 2662 suum
388 2599 596 2672 Herbortum,
612 2598 720 2662 dicens
734 2600 823 2682 quod
837 2621 901 2664 non
917 2601 1048 2665 deberet
1061 2601 1129 2684 ipse
1140 2601 1221 2664 Her·

190 2711 300 2774 bertus
313 2731 386 2774 esse
399 2709 555 2793 particeps
566 2709 730 2772 cuiusdam
744 2711 846 2792 predii
860 2711 987 2773 nomine
996 2712 1135 2794 Neuegy,
1148 2731 1220 2776 cum

189 2821 267 2885 iliud
288 2821 432 2904 predium
453 2819 588 2903 pecunie
610 2821 716 2884 metris
737 2841 813 2895 sue,
842 2821 962 2885 scilicet
982 2839 1121 2884 nouerco
1140 2821 1221 2884 Her-
1327 2892 1335 2898 ,

190 2931 331 3018 horti-sit
349 2939 506 3014 emptum,
527 2939 559 2994 et
579 2932 617 2993 nb
638 2931 749 2994 eudem
769 2931 803 2994 iu
824 2940 923 2994 morte
938 2950 996 2994 suo
1010 2927 1117 2996 curem
1131 2942 1220 3014 pauo
1282 2981 1286 2988 x

191 3040 382 3107 suoOiibrio
404 3050 436 3104 et
453 3041 599 3104 frutribus
622 3043 719 3122 putris
741 3040 807 3115 sui,
828 3061 888 3104 nec
908 3063 972 3105 nou
992 3043 1060 3106 eliis
1082 3044 1221 3126 cognatis

193 3155 270 3228 eius,
291 3152 350 3214 sihi
369 3153 444 3228 soii,
472 3160 582 3236 utpote
603 3153 698 3216 unico
719 3152 827 3215 matris
848 3171 922 3226 sue,
949 3153 1045 3216 fuerit
1065 3153 1221 3229 relictum,

195 3274 226 3330 et
239 3267 369 3329 adduxit
389 3266 420 3328 in
437 3265 650 3328 testimonium
663 3265 724 3328 iios
745 3264 904 3338 comitem,
925 3263 1054 3328 fratrem
1073 3265 1222 3330 uidelicet

193 3376 290 3458 patris
313 3374 524 3460 suirniiosquc
546 3383 695 3458 cognatos
715 3384 746 3438 et
767 3383 876 3450 notos,
894 3383 928 3438 et
941 3377 1052 3450 Micam
1074 3377 1220 3440 comitem

192 3487 439 3568 dichoriensem.
467 3488 582 3572 quibus
602 3487 814 3552 testimonium
832 3488 1019 3550 unianimiter
1038 3489 1097 3552 sibi
1115 3488 1224 3572 perhi-

193 3601 357 3676 bentibus,
379 3605 482 3664 Bonco
497 3617 603 3663 comes
617 3599 773 3682 palatinus
787 3599 892 3683 posuit
905 3617 1000 3682 super
1011 3602 1222 3666 iuramentum

193 3714 255 3780 Bos
268 3713 399 3788 comitis,
421 3712 494 3774 dcto
511 3711 660 3794 pristeidc
674 3712 803 3774 nominc
818 3711 939 3794 Gyopol
952 3713 1017 3776 iilic
1031 3714 1135 3778 Nicus.
1168 3716 1222 3798 qui

192 3827 255 3890 Bos
270 3845 339 3889 cum
354 3825 499 3887 Uerudini
514 3831 640 3906 paratus
654 3831 738 3885 esset
752 3824 872 3897 iurare,
886 3825 1122 3904 prenominatus
1137 3825 1221 3900 Quid

194 3957 266 4002 mm
288 3935 383 4000 fratre
405 3956 464 4000 suo
477 3936 637 3998 Herborto
657 3932 760 3996 taliter
781 3933 941 4008 conuenit,
961 3935 1048 4017 quod
1068 3935 1135 4015 ipse
1149 3953 1223 4018 por·

194 4047 317 4112 cionem
330 4067 420 4112 suom
433 4048 467 4110 in
481 4046 592 4130 predio
606 4045 850 4130 Fegyuernuch,
872 4063 934 4129 que
947 4043 1138 4109 hereditario
1152 4043 1221 4109 iure

192 4163 294 4246 ipsum
319 4151 490 4243 contingit,
515 4159 603 4227 iratri
627 4178 685 4226 suo
710 4159 866 4226 Herborto
888 4157 1098 4243 relinqueret,
1125 4166 1157 4224 ct
1178 4156 1222 4226 ite
1305 4165 1309 4169 ’

193 4275 340 4364 predium
359 4273 588 4366 Fepyuemueh
613 4293 633 4342 u
653 4273 748 4340 modo
769 4271 867 4362 ipsius
879 4270 1028 4340 norberti
1048 4267 1132 4342 roret
1152 4267 1221 4342 siut
