2978 4754
525 439 711 498 neminen
737 443 779 498 uh
801 448 914 498 vasen.
1173 429 1235 498 ihi

207 620 283 668 mea
301 603 377 666 terri
398 602 561 674 candentis
580 604 782 668 Uaradinnm.
813 606 866 688 phi
888 613 1013 687 portatu
1032 605 1117 670 icrro
1138 606 1236 670 hamc

206 715 420 798 praeliatorum
435 716 560 780 Martini
576 713 607 780 et
620 718 704 780 Petri
719 719 886 780 mundatus
901 725 957 780 est.

290 823 379 908 (ΒΗ)
401 827 557 892 Mattheus
582 829 622 891 tle
647 829 770 892 Surcud
798 827 938 910 impeciit
965 835 1116 910 cognatos
1144 830 1237 894 Pueri

207 937 389 1011 sacerdotis,
403 931 523 1002 scilicet
533 939 694 1002 Matthiam
709 947 742 1001 et
753 941 887 1013 Terram,
903 958 958 1020 pro
969 938 1121 1002 libertinis
1130 941 1236 1004 arans

207 1065 264 1113 auc
284 1063 393 1130 caram
412 1047 577 1112 Desiderio
603 1046 752 1130 episcopo
775 1049 1004 1123 Chanadiensi,
1031 1050 1086 1132 qni
1110 1051 1238 1114 tradidit

208 1157 461 1224 ecs-iudicandas
472 1154 626 1222 Scumcho
638 1160 742 1222 comiti
757 1161 952 1242 procuratori
969 1163 1150 1242 prediorum
1162 1181 1237 1225 suo-

103 1291 111 1298 ’
206 1278 286 1332 ium.
315 1267 431 1332 deinde
445 1270 584 1350 prelatus
598 1269 757 1334 Mattheus
778 1271 915 1352 seipsum
934 1291 1165 1354 recognoscens
1184 1293 1236 1336 re-

205 1375 339 1463 agranis
351 1380 422 1442 illos
433 1399 511 1463 quos
525 1381 707 1463 requirebat
720 1399 777 1464 pro
788 1381 905 1456 liberis,
921 1401 991 1446 cnm
1003 1385 1089 1445 omni
1101 1403 1234 1465 genera·

206 1489 296 1554 cisne
310 1493 350 1554 ab
365 1491 485 1554 eisdem
500 1486 696 1554 successura.

288 1601 377 1684 (aaa)
398 1603 488 1664 Anno
509 1595 666 1668 dominice
688 1604 917 1666 incarnacionis
936 1606 1101 1670 millesimo
1116 1607 1235 1670 ducen-

205 1713 318 1777 tesimo
333 1712 487 1795 trigesimo
503 1731 598 1787 nono,
612 1711 690 1778 tales
705 1734 722 1776 a
737 1713 881 1776 Ladislao
896 1716 1009 1779 comite
1023 1716 1189 1780 Bachiensi
1204 1703 1236 1780 et

204 1824 308 1888 indice
324 1825 409 1886 curie
422 1824 525 1886 littere
540 1824 631 1886 nohis
645 1831 717 1887 sunt
732 1825 898 1887 destinate.
919 1826 1115 1890 uniuersitati
1129 1836 1236 1890 uestre

205 1935 427 2018 significamus,
454 1935 540 2014 quod
565 1935 645 1996 inter
667 1933 789 2015 Gyopcl
814 1955 853 1997 ex
880 1955 942 1997 nna
965 1943 1072 2017 parte,
1099 1943 1130 2000 et
1153 1935 1236 2001 filies

203 2046 371 2110 Absclcnis
385 2065 425 2110 ex
440 2045 552 2120 altera,
572 2045 691 2110 scilicet
704 2047 874 2122 loannem,
894 2047 1074 2122 Martinam,
1095 2049 1236 2124 Paulum,

206 2167 236 2220 et
258 2159 466 2232 Ahsclnnem,
494 2157 563 2222 talis
586 2157 669 2220 iacta
690 2168 738 2221 est
761 2159 952 2232 conuensis,
983 2161 1068 2241 qnod
1090 2162 1235 2240 predium

204 2269 331 2334 nomine
345 2269 447 2332 Letha
467 2269 554 2332 iuxta
566 2268 740 2343 Berucicri,
769 2271 926 2333 dederunt
937 2271 1027 2334 fratri
1041 2293 1099 2335 suc
1111 2271 1236 2355 Gyopol

205 2382 329 2456 comiti,
349 2382 410 2464 ipsi
425 2389 528 2444 autem
543 2382 576 2444 in
591 2382 810 2446 concambium
832 2381 914 2445 illius
930 2383 1030 2466 predii
1045 2393 1236 2466 acceperunt

204 2493 348 2575 predium
371 2501 547 2574 campestre
570 2493 696 2556 nornine
710 2493 820 2575 lohngi
841 2508 911 2555 cum
932 2497 1093 2576 sexaginta
1111 2498 1235 2571 marcis,
1280 2499 1286 2509 “

204 2623 283 2688 quas
297 2613 488 2672 memoratus
500 2603 623 2686 Gycpol
638 2623 743 2668 cemes
758 2605 848 2667 nohis
863 2607 1071 2684 presentibus,
1087 2615 1118 2670 et
1128 2625 1237 2670 caram·

205 2716 354 2797 pristaldn
368 2716 461 2778 huius
475 2732 587 2789 cause,
608 2715 735 2778 nomine
745 2715 832 2778 Tuha
846 2715 997 2798 percaluit
1010 2717 1042 2778 in
1056 2717 1108 2779 'die
1123 2717 1234 2780 natalis

204 2827 323 2891 (lamini
346 2825 482 2892 totaliter
495 2825 662 2888 nominatis
684 2826 754 2888 tiliis
768 2826 945 2900 Ahsnlcnis,
967 2834 998 2888 et
1018 2826 1062 2889 ita
1075 2827 1235 2890 absolutus

205 2940 245 3002 ah
269 2939 355 3000 omni
379 2938 519 3011 cambio,
550 2937 765 3018 appropriauit
789 2938 848 3000 sihi
872 2936 931 3012 scii
956 2937 1117 3018 predium,
1148 2939 1236 3020 quod

205 3051 304 3114 Letha
321 3058 462 3114 uocatur.
490 3049 539 3112 his
559 3049 601 3111 ita
624 3049 719 3130 gestis
741 3056 873 3130 utraque
889 3049 1116 3130 parsprestitc
1129 3068 1236 3112 sacra·

205 3172 310 3230 mento
331 3181 427 3244 super
441 3158 643 3244 sepulchrum
665 3168 697 3222 et
715 3161 863 3242 reliquias
878 3181 903 3222 s.
914 3160 997 3242 regis
1012 3159 1166 3234 Ladislai,
1188 3163 1237 3223 iu-

204 3277 308 3340 nicum
322 3270 380 3338 sihi
395 3275 593 3349 iurauerunt,
611 3274 698 3356 quod
714 3273 753 3336 de
768 3283 874 3336 cetero
889 3272 951 3336 sint
972 3272 1093 3354 pacilici
1114 3273 1235 3334 nullum

205 3389 330 3471 penitus
344 3386 460 3450 malum
475 3401 613 3469 unquam
628 3385 756 3454 illaturi.

288 3497 376 3582 (346)
398 3499 567 3575 Uniuersus
581 3497 778 3561 Uaradiensis
798 3499 930 3562 ecclesie
947 3479 1135 3571 conuentus,
1166 3497 1237 3560 nni-

207 3611 307 3676 uersis
320 3611 455 3674 ecclesie
466 3615 573 3674 sancte
586 3607 655 3672 filiis
671 3609 803 3672 salutem
818 3609 850 3672 in
864 3609 974 3672 salutis
985 3617 1125 3686 auctore.
1145 3610 1238 3672 inno-

206 3730 304 3788 tescat
327 3722 473 3786 amnibus
499 3738 630 3802 presens
653 3719 807 3800 scriptum
831 3719 1028 3800 inspecturis,
1058 3719 1236 3784 Ladislaum

207 3835 353 3899 comitem
368 3835 408 3896 rie
422 3833 507 3895 Bach
525 3831 667 3894 iudicem
677 3831 749 3892 aule
763 3831 849 3912 regie
864 3830 938 3896 talia
952 3831 1044 3894 nabis
1058 3851 1116 3913 per
1125 3831 1237 3895 literas

206 3969 280 4012 snas
295 3948 477 4012 auctoritate
491 3942 628 4008 iudiciali
646 3942 844 4024 precepisse,
866 3944 952 4026 quod
968 3961 1005 4006 ea
1020 3963 1081 4025 que
1096 3943 1136 4004 de
1151 3942 1238 4008 exitu
1347 4005 1349 4028 Ι

207 4079 302 4126 cause
322 4058 460 4124 Simonis
481 4065 514 4120 et
532 4054 637 4120 fratris
656 4054 724 4116 eius
746 4053 872 4117 Undasii
895 4053 1033 4118 liliorum
1053 4052 1183 4116 Chenlre
1203 4053 1240 4116 iu*

119 4169 122 4182 “
206 4173 356 4256 parochia
370 4167 568 4234 Bicherlansi
587 4187 627 4230 ex
645 4173 826 4249 ansperto,
848 4173 880 4232 et
893 4166 1030 4230 liliorum
1044 4165 1157 4239 Natus,
1178 4165 1238 4228 sci·

207 4283 442 4372 licet-Epidii-et
451 4279 602 4367 Stephani
614 4280 649 4344 in
663 4279 810 4366 parochia
820 4280 922 4346 Bekes
933 4299 973 4344 ex
983 4277 1090 4354 altera,
1104 4277 1238 4342 Michahl
