2904 4754
164 429 305 492 rrsnnrv'.
318 435 496 492 rnnrcrerr
509 440 743 493 arumnrrsrorr
757 438 996 492 srrroororrsrs.
1019 425 1110 494 1268.
1133 422 1192 492 tor

161 607 254 682 parte
275 599 392 662 inserte
412 607 444 664 et
456 599 572 682 scripte
591 597 797 675 habebantur,
819 607 850 664 et
864 618 958 682 quam
974 599 1195 682 grauissimum

162 719 232 776 erat
243 711 487 786 etlaboriosum,
498 713 562 776 imo
573 711 785 794 periculosum
795 719 841 778 tot
851 711 1015 795 priuilegia
1027 711 1152 774 deterre
1163 711 1195 774 in

160 825 288 887 uiarum
302 823 491 897 discrimine,
508 831 541 886 et
555 824 629 906 quin
644 823 743 887 eciam
758 823 894 906 quedam
908 831 1043 898 uetuste,
1057 825 1195 904 'quedam

164 953 320 1017 aquarum
341 933 558 997 madidncioue
578 953 618 997 ex
632 935 752 998 eisdem
767 936 1046 1018 corrumpebantur
1061 933 1196 997 et'uide·

161 1047 280 1109 bantur
293 1045 433 1107 breuiter
447 1043 605 1118 annulari,
626 1045 755 1110 racione
771 1045 915 1128 equitatis
931 1045 1084 1128 quasdam
1100 1045 1196 1108 liber-

162 1163 245 1220 tates
256 1156 529 1221 exdonacionibus
542 1157 581 1218 de
592 1155 712 1219 eisdem
724 1155 820 1218 literis
833 1153 1076 1238 priuilegialibus
1087 1162 1194 1218 sancte

163 1266 386 1348 strigoniensis
405 1267 539 1330 ecclesie
555 1273 710 1348 perpetuo
724 1266 822 1328 iactas
839 1273 870 1332 et
884 1275 1063 1340 concessas,
1085 1265 1125 1328 ad
1140 1285 1196 1328 ue·

163 1375 314 1440 nerabilis
328 1377 425 1460 patris
441 1377 558 1440 domini
573 1375 709 1458 Philippi
732 1375 960 1457 archiepiscopi
974 1375 1194 1459 strigoniensis
1217 1359 1222 1368 ⁶

163 1487 333 1550 instantem
348 1488 538 1570 peticionem
558 1495 590 1550 et
603 1487 718 1551 iustam
736 1485 999 1569 supplicacione'nr
1008 1511 1026 1561 ,¹
1039 1487 1079 1548 de
1093 1485 1196 1548 cousi-

164 1601 208 1662 lio
232 1600 357 1661 domiue
379 1599 477 1660 ltlnrie
502 1597 657 1661 consortis
679 1605 786 1660 nostra
809 1597 991 1660 charissime
1016 1597 1142 1679 regine,
1164 1601 1195 1659 et

165 1711 320 1773 baronum
336 1702 520 1772 nostrorum
539 1710 572 1770 iu
592 1717 735 1772 nostrum
750 1709 950 1792 priuilegium
967 1717 1117 1790 tanquam
1134 1707 1197 1770 ori·

163 1821 270 1904 ginale
285 1817 381 1882 inseri
394 1819 525 1882 lecimus
540 1827 571 1882 et
585 1819 767 1894 transcribi,
787 1825 822 1882 ut
835 1822 861 1882 si
876 1821 1017 1902 predicta
1030 1819 1197 1903 priuilegia

164 1937 323 1995 uetustate
347 1938 605 1996 consummantur
626 1931 678 1993 uel
700 1949 774 1994 casu
792 1932 995 2014 contingente
1014 1933 1198 2014 perdantur,

163 2063 265 2126 super
290 2043 435 2125 predictis
462 2043 607 2104 omuibus
635 2050 786 2105 nostrum
805 2043 1003 2125 priuilegium
1028 2058 1086 2124 pro
1110 2043 1197 2106 totali

166 2155 314 2238 originali
336 2153 498 2228 habeatur,
519 2175 560 2216 ne
580 2153 613 2216 id
628 2153 713 2236 quod
729 2139 825 2216 semel
841 2153 901 2216 deo
917 2155 1054 2216 dicatum
1070 2163 1135 2229 est,
1157 2155 1197 2217 ad

166 2267 318 2350 profanos
339 2277 415 2328 usus
435 2271 613 2328 reuocetur.
642 2281 776 2346 quarum
795 2264 927 2346 quidem
944 2263 1120 2329 libertatern
1133 2283 1198 2326 uua

165 2379 227 2442 lr'ec
241 2385 315 2442 este

192 2509 195 2514 ’
250 2489 307 2564 (1)
330 2487 416 2571 quod
430 2489 533 2551 uullns
541 2487 685 2550 iudicum
699 2489 785 2552 curie
801 2497 907 2553 nostre
921 2487 973 2551 uel
987 2487 1197 2571 palatinorum

164 2597 257 2681 regul
278 2599 394 2673 nostri,
409 2605 472 2661 ‘seu
491 2599 673 2680 quicunque
694 2597 825 2660 comites
847 2601 900 2662 uel
919 2599 1039 2662 iudices
1055 2591 1197 2680 quocun-

166 2724 230 2792 que
259 2709 386 2772 nomine
406 2709 628 2781 nominentur,
660 2708 796 2790 pupulos
817 2709 948 2772 ecclesie
974 2709 1197 2792 strigoniensis

167 2820 431 2900 pondiciouarios,
451 2819 634 2902 iobagioues
649 2839 723 2882 suos
739 2817 906 2882 uniuersos
920 2820 1060 2882 iudicare
1072 2820 1198 2884 unlennt

165 2931 221 2996 uel
235 2939 431 3014 presumant,
453 2932 510 2995 sed
525 2931 667 2994 eiusdem
682 2930 814 2992 ecclesie
828 2929 1050 3012 strigoniensis
1067 2930 1198 3005 iudices,

124 3079 135 3100 ·
167 3044 319 3108 uidelicet
339 3043 495 3127 palatinus
510 3063 587 3105 suus
603 3031 658 3104 uel
668 3041 766 3104 iudex
779 3042 867 3104 curie
882 3061 953 3116 sue,
976 3047 1028 3104 aut
1042 3039 1198 3104 terrestris

168 3173 275 3220 comes
297 3175 356 3238 per
370 3155 642 3236 archiepiscopum
658 3153 814 3236 deputati,
835 3151 868 3216 in
883 3153 1026 3216 omnihus
1050 3151 1151 3216 causis
1167 3157 1199 3215 et

174 3285 283 3331 earum
298 3267 437 3330 articulis
451 3267 645 3330 iudicabunt.

175 3401 177 3406 ’
255 3380 314 3454 (2)
335 3375 413 3442 ltem
428 3380 579 3442 decimam
599 3385 718 3457 partem
734 3375 773 3439 dc
794 3366 920 3440 urh'ur'is
943 3374 1199 3458 proueuiedtibus

170 3489 259 3572 regie
274 3489 428 3554 maiestati
445 3490 601 3572 percipiet
615 3488 873 3570 archiepiscopus
887 3485 1124 3568 strigoniensis,
1146 3484 1200 3568 qul

171 3595 270 3664 falerii
279 3619 337 3683 pro
350 3609 493 3682 tempore
508 3611 564 3682 per
574 3601 677 3661 lotum
695 3617 828 3680 reguum
842 3597 1013 3680 ilungarie.
1075 3631 1079 3636 ·

174 3749 177 3754 ·
256 3713 313 3788 (3)
332 3713 410 3775 item
426 3708 568 3774 similiter
583 3709 737 3772 decimam
750 3715 873 3790 pnrtem
887 3707 1039 3789 percipiet
1051 3706 1137 3771 idem
1150 3725 1201 3772 ar-

171 3815 390 3906 chiepiscopus
399 3829 472 3885 aute
484 3822 588 3885 omnia
600 3821 639 3883 de
650 3817 803 3882 fructibus
814 3834 1017 3893 camerarum,
1032 3836 1089 3902 pro
1101 3834 1201 3901 quau·

171 3943 330 4016 tacunque
353 3923 489 4015 pecunie
508 3937 657 4015 poterunt
677 3931 793 4006 locari,
829 3929 969 4012 exceptis
989 3929 1202 4013 pouderlbds,

174 4062 236 4128 que
252 4041 438 4108 officialibus
454 4033 683 4128 archiepiscopi
699 4062 755 4126 pro
769 4039 952 4106 ferramenti
968 4041 1110 4105 custodia
1129 4043 1202 4105 sunt
1302 4049 1307 4060 ’

175 4153 349 4240 deputate
1035 4163 1038 4171 ’

258 4270 319 4346 (l)
338 4271 417 4335 ltem
431 4269 572 4334 similiter
586 4267 626 4333 de
640 4267 815 4354 pecudibus
837 4275 869 4334 et
888 4265 1057 4351 pecoribus
1073 4262 1202 4348 exigen-
