2920 4758
301 449 487 501 roauroauu
509 451 899 510 curuousuccrssmrsmu.
933 435 1022 500 1191.
1116 433 1178 499 397

142 633 216 674 rum
236 627 364 674 suarum
380 599 554 692 periculum
573 595 733 690 negligere
749 629 813 670 non
829 613 988 682 uerentur,
1009 607 1114 689 penali
1129 605 1178 668 ni-

142 723 328 796 hilomiuus,
350 730 384 784 ut
399 729 446 784 est
460 723 594 794 dictum,
615 721 730 782 iudicio
748 739 811 782 non
827 720 974 782 obmisso.

230 832 295 916 (13)
319 836 395 897 ltem
412 834 623 896 concessimus
640 840 747 894 nostro
764 833 927 913 priuilegio
942 833 973 892 iu
990 839 1177 912 perpetuum

143 945 301 1019 ualituro,
331 965 400 1006 cum
418 945 528 1006 ciuitas
543 944 909 1026 Quinqucecclesiensis‚
931 949 1024 1024 caput
1039 943 1177 1004 omnium

143 1056 383 1140 possessionum
403 1043 505 1136 ipsius
531 1055 678 1128 ecclesie,
710 1075 772 1137 que
798 1063 845 1116 est
865 1055 957 1116 sedes
981 1053 1177 1124 cathedralis,

143 1187 205 1231 nec
220 1189 282 1230 non
297 1161 330 1228 in
348 1167 414 1229 aliis
431 1167 575 1228 omnibus
595 1167 670 1228 foris
692 1175 723 1229 et
742 1167 904 1240 mercatis,
925 1167 958 1227 in
973 1165 1063 1228 terris
1078 1163 1176 1246 ipsius

144 1280 281 1344 ecclesie
303 1279 435 1341 ubilibet
455 1279 646 1351 constitutis,
669 1279 709 1340 ob
731 1277 949 1340 reuereuciam
971 1285 1002 1340 et
1021 1277 1176 1338 honorem
1225 1305 1227 1309 r

143 1391 233 1454 beati
243 1391 327 1452 Petri
343 1388 554 1471 apostolorum
570 1390 729 1471 principis,
744 1389 1024 1481 nummulariorum
1037 1409 1094 1450 scu
1110 1407 1177 1448 mu-

144 1504 339 1566 netariorum
361 1510 540 1564 nostrorum
567 1501 786 1563 concessiones
810 1507 841 1564 et
855 1502 1013 1564 molestias
1034 1520 1097 1562 non
1112 1499 1177 1562 for·

110 1615 115 1624 '
144 1613 278 1675 mideut.
308 1613 381 1694 quia
398 1613 430 1672 iu
446 1611 596 1692 predictis
611 1611 687 1674 foris
703 1614 832 1674 eosdem
846 1595 1071 1674 nummularios
1086 1613 1177 1674 nolu-

145 1745 218 1786 mus
233 1725 389 1797 residere,
411 1723 512 1785 sedin
534 1723 601 1785 aliis
615 1709 858 1804 prouincialibus
878 1723 970 1797 foris,
992 1723 1045 1786 ubi
1066 1723 1177 1787 uolue-

143 1835 208 1897 riut
220 1833 352 1896 ecclesie
365 1833 482 1915 populi,
496 1833 585 1915 regni
596 1841 753 1895 monetam
765 1834 824 1895 sibi
835 1854 940 1896 rerum
952 1854 1079 1896 suarum
1091 1837 1177 1896 com-

145 1945 267 2008 mercio
281 1945 438 2006 redimant
451 1951 482 2006 et
496 1943 691 2024 conquirant.
837 1946 839 1952 ’

232 2052 300 2136 (ssa)
323 2056 399 2118 Item
425 2055 499 2137 quia
524 2055 750 2135 perpetuitates
775 2052 807 2116 in
833 2057 1074 2132 donacionibus‚
1098 2078 1176 2139 quas

145 2163 315 2247 regnicohs
331 2171 362 2226 et
375 2164 573 2246 magnatibus
589 2165 702 2227 nostris
718 2165 841 2228 dedisse
858 2167 1081 2248 dignoscimus,
1104 2170 1178 2252 quia

146 2277 276 2358 quidam
292 2295 402 2338 corum
418 2274 565 2339 auiditate
580 2277 675 2337 nimia
689 2277 793 2338 uicina
807 2275 867 2338 sibi
878 2275 1082 2341 ecclesiarum
1093 2279 1178 2362 hona

146 2387 232 2450 uelle
255 2399 408 2468 occupare
435 2385 623 2461 noscuntur,
653 2396 684 2450 ct
710 2389 744 2448 in
773 2387 885 2450 solenti
912 2389 1055 2470 potencie
1080 2390 1178 2452 inter·

148 2499 224 2562 dum
245 2499 346 2560 subito
367 2499 407 2559 ab
430 2498 563 2562 ecclesia
582 2518 647 2559 uon
670 2479 775 2580 potest
792 2499 909 2572 resisti,
930 2499 1076 2563 uolumus
1091 2503 1183 2583 quod

148 2609 254 2672 omnia
275 2601 360 2670 hona
381 2617 487 2670 sancte
510 2609 856 2691 Quiuq'ueecclesiensis
880 2613 1011 2674 ecclesie
1026 2633 1090 2674 non
1105 2633 1179 2694 pos-

147 2717 211 2782 sint
225 2719 373 2801 occupari
395 2733 452 2782 seu
475 2719 640 2808 prescribi,
656 2717 721 2782 'nec
740 2727 910 2782 tencantur
924 2739 981 2782 seu
995 2713 1182 2802 possideam

149 2839 201 2892 tur
222 2830 519 2912 peroccupaciones
544 2851 650 2894 rerum
676 2831 808 2894 ecclesie
831 2831 898 2892 sine
920 2829 974 2893 lite
997 2831 1125 2912 pacifice
1147 2840 1179 2894 et

149 2943 258 3024 quiete
273 2942 379 3022 spacio
396 2951 521 3003 centum
537 2932 703 3004 armorum.

230 3045 304 3130 tta)
336 3045 417 3112 ¹Item
445 3051 631 3114 indulsimus
668 3053 772 3113 eidem
801 3041 952 3126 ecclesie,
980 3033 1073 3133 xquod
1101 3051 1181 3113 sicut

151 3169 276 3224 exemta
304 3163 371 3224 sore
401 3161 594 3244 dignoscitur
619 3183 638 3226 a
663 3171 816 3244 potestate
841 3162 972 3228 Palatini
1003 3172 1035 3226 et
1058 3163 1180 3226 comitis

152 3253 319 3340 cuiuslibet
331 3272 421 3354 regni
436 3273 551 3347 nostri,
562 3293 563 3296 ¹
575 3273 618 3335 sic
631 3275 730 3337 eciam
740 3274 896 3350 uolumus,
917 3277 1002 3358 quod
1014 3296 1074 3340 nec
1085 3281 1180 3358 preco

151 3377 290 3445 Palatini
308 3405 367 3446 nec
379 3384 508 3447 'comitis
523 3383 706 3467 parochiani
726 3387 793 3450 sine
814 3387 947 3450 licencia
967 3387 1107 3470 episcopi
1128 3389 1181 3450 uel

152 3495 296 3557 officialis
312 3495 375 3570 sui,
388 3515 445 3579 per
460 3497 527 3568 sora
543 3497 641 3578 ipsius
657 3485 790 3561 ecclesie
805 3501 909 3562 ualeat
923 3499 1047 3584 publice
1063 3499 1182 3580 aliquid

153 3607 363 3688 proclamare,
385 3615 417 3670 et
440 3628 497 3688 per
518 3609 689 3690 quemlibet
710 3608 877 3672 officialem
900 3610 1032 3673 ecclesie
1052 3611 1179 3691 impune

151 3718 253 3800 possit
266 3717 436 3804 prohiberi.

204 3823 208 3828 ’
237 3826 303 3921 (16)
324 3831 402 3892 Item
415 3831 501 3910 quod
512 3831 720 3913 congregacio
733 3831 886 3912 generalis
900 3833 1004 3916 regni,
1018 3835 1071 3897 uel
1083 3835 1181 3900 eciam

153 3939 351 4021 particularis
366 3935 579 4021 cuiuscunque
599 3941 779 4022 prouincia,
801 3963 819 4004 a
838 3943 950 4006 comite
968 3943 1107 4008 Palatino
1129 3945 1182 4008 uel

155 4051 269 4113 comite
284 4047 457 4132 parochiali
478 4071 534 4114 seu
551 4052 751 4134 prouinciali,
772 4054 825 4116 uel
839 4073 1028 4140 quocunque
1046 4057 1181 4129 barone,

155 4161 256 4224 eciam
271 4161 423 4224 delatore
445 4161 533 4244 regio
550 4163 734 4226 'transmisso
748 4163 881 4240 indicta,
902 4185 1063 4248 nunquam
1082 4165 1181 4248 possit

153 4271 223 4340 ficri
246 4271 280 4336 iu
307 4271 433 4338 ciuitate
459 4273 810 4361 Quinqucecclesionsi‚
843 4275 897 4341 uel
919 4277 952 4342 iu
977 4277 1082 4365 aliqua
1106 4276 1180 4346 uilla
