2920 4758
284 409 345 476 (450
367 428 454 474 BBLAE
464 429 504 474 Ν.
519 427 609 474 escis
623 427 769 475 counitio
782 425 969 472 POPULORU!
984 427 1203 473 GBUROENSiUH.
1226 409 1316 474 fiio.

284 605 349 648 non
370 585 501 659 habeat,
529 585 586 648 sed
608 605 679 646 cunr
700 582 812 648 exierit
831 585 870 646 de
890 589 993 646 castro
1016 582 1102 645 uices
1121 603 1195 647 suas
1217 585 1316 665 possit

284 694 374 759 alteri
393 696 588 758 committere
610 695 770 778 usquead
793 693 1010 758 mersionem
1032 711 1134 758 suam.
1163 715 1229 756 non
1244 713 1318 756 cau-

285 828 353 870 sam
381 827 442 889 que
470 808 510 870 ad
536 784 783 870 destructionem
811 803 903 880 uiile,
933 804 987 869 uei
1010 807 1050 870 ad
1075 806 1317 887 productionem

285 917 447 992 libertatis,
462 917 547 980 aliud
563 939 601 980 ex
615 918 690 1000 ipsis
702 935 817 1000 urgere
833 915 933 998 possit
947 924 979 980 et
991 916 1132 980 iudicare
1147 925 1318 1000 presumat,

286 1031 341 1092 sed
356 1029 462 1092 comiti
477 1037 619 1093 reseruet
632 1029 845 1094 iudicandum.

369 1138 413 1222 (6)
438 1143 516 1206 item
543 1141 747 1224 prohibemus
776 1161 816 1203 ne
845 1140 970 1204 curialis
999 1159 1106 1202 comes
1135 1141 1318 1204 occasiones

285 1253 427 1315 lucrandi
442 1271 589 1334 querens,
608 1253 730 1335 uiiqoos
746 1251 833 1314 citari
848 1252 960 1326 faciat,
981 1253 1035 1334 qui
1050 1272 1113 1314 non
1128 1253 1248 1316 habent
1262 1253 1318 1315 ad·

288 1364 456 1438 uersorios,
478 1363 669 1446 imponendo
682 1361 743 1426 illis
758 1364 844 1448 quod
859 1383 950 1426 suum
965 1363 1152 1426 maleficium
1168 1363 1319 1435 celarent,

287 1475 340 1540 uel
363 1495 434 1539 cum
463 1484 550 1556 parte
570 1459 709 1538 aduersa
737 1483 843 1558 preter
866 1475 963 1556 ipsius
989 1475 1221 1538 conscienciam
1250 1493 1317 1536 rens

288 1588 530 1670 composuerint.
1430 1563 1431 1600 ³

370 1697 421 1781 (7)
440 1701 517 1761 item
529 1698 693 1760 statuimus
708 1718 748 1762 ne
760 1696 884 1762 curialis
896 1717 1002 1760 comes
1017 1714 1107 1760 suum
1123 1697 1316 1760 seruientem
1430 1763 1431 1772 χ

288 1817 434 1892 agentem
449 1809 587 1870 iudicare
606 1817 784 1889 presumat,
805 1809 862 1870 sed
877 1809 981 1871 comiti
996 1816 1164 1870 conseruet
1177 1807 1316 1870 iudican-

246 1918 249 1926 ’
289 1920 381 1992 dum,
403 1927 435 1982 et
457 1937 562 1980 comes
584 1935 647 1980 nou
669 1919 786 1982 iudicet
806 1938 871 1994 eos,
893 1920 952 1983 nisi
975 1921 1007 1982 in
1026 1919 1191 2002 presencia
1206 1919 1315 1982 'iocha-

289 2031 416 2114 gionum
430 2031 535 2094 castri.

373 2140 418 2226 (8)
440 2145 517 2208 Item
540 2145 703 2207 statuimus
724 2163 764 2206 ne
784 2145 823 2206 ed
841 2143 1036 2225 presenciam
1049 2144 1164 2206 iudicis
1177 2143 1314 2207 extranei

287 2257 370 2320 trahi
392 2257 511 2340 possint
530 2263 636 2338 preter
650 2275 742 2318 suum
756 2257 900 2318 comitem
921 2255 974 2317 uei
994 2254 1143 2318 curialem
1163 2256 1313 2318 comitem.

288 2370 346 2434 sed
368 2369 394 2430 si
418 2368 479 2449 ipsi
503 2367 536 2428 in
557 2367 739 2432 ,exhibenda
767 2365 887 2429 iusticia
911 2366 1104 2448 negligentes
1131 2365 1314 2438 exstiterint,

290 2498 394 2541 coram
409 2479 565 2559 superiori
585 2479 823 2542 conueniantur.

372 2585 423 2670 (9)
445 2587 579 2650 Bilotum
595 2590 722 2650 omnino
738 2590 910 2652 abolemus.

372 2695 438 2781 (10)
468 2699 545 2761 item
560 2700 723 2762 statuimus
738 2709 772 2763 ut
786 2702 812 2762 si
828 2710 893 2764 tota
906 2700 981 2765 uilla
996 2702 1029 2763 in
1044 2701 1159 2764 iudicio
1174 2721 1312 2765 remane·
1430 2689 1431 2696 ἶ

287 2809 334 2875 bit
347 2811 428 2874 inter
442 2811 578 2874 iudicem
594 2819 625 2873 et
645 2810 830 2892 pristaidum
853 2833 990 2876 necnon
1007 2821 1127 2895 partem
1143 2814 1312 2884 aduersam,

288 2921 413 2986 soluaut
435 2925 546 2986 decem
566 2941 680 3005 pensas
702 2943 761 3006 pro
783 2922 909 2984 iudicio.
932 2943 1003 3004 cum
1026 2943 1104 2986 uero
1128 2923 1241 3006 aliquis
1256 2924 1312 2986 sin·

290 3035 438 3118 puleriter
449 3035 649 3108 remanserit,
663 3035 766 3098 soluat
780 3041 905 3097 contum
921 3033 1067 3098 denarios
1081 3033 1226 3099 similiter
1239 3037 1312 3098 inter

290 3165 410 3209 omnes.
1144 3159 1147 3164 ⁴

373 3253 439 3338 (11)
461 3258 539 3320 Item
555 3257 730 3331 statuimus,
746 3252 856 3340 siquis
872 3279 911 3321 ex
925 3259 1001 3340 ipsis
1015 3259 1144 3322 fratrem
1159 3260 1310 3322 uterinum

290 3369 409 3432 habens
430 3368 498 3430 sine
520 3369 639 3431 herede
665 3369 850 3444 decesserit,
882 3391 946 3432 non
969 3371 1089 3434 dicatur
1110 3372 1178 3434 sine
1199 3371 1310 3434 herede

292 3479 481 3552 decessisse,
508 3480 564 3542 sed
589 3479 687 3542 frater
712 3480 779 3542 eius
803 3481 946 3543 uterinus
972 3501 1029 3562 pro
1054 3481 1120 3544 titio
1145 3526 1310 3544 ........

291 3607 502 3652 successores.
529 3589 555 3651 si
576 3609 655 3652 uero
678 3590 803 3654 fratrem
818 3592 976 3654 uterinum
990 3613 1054 3654 non
1068 3593 1230 3667 habuerit,
1242 3613 1309 3654 me·

292 3701 392 3762 dietas
411 3702 565 3764 honorum
587 3703 768 3766 decedentis
790 3700 830 3764 ad
851 3721 983 3767 uxorem
1004 3713 1035 3766 et
1049 3703 1144 3766 filiam
1162 3705 1215 3766 uei
1228 3703 1309 3776 fiiias‘,

290 3810 319 3876 si
338 3811 492 3886 habuerit,
513 3812 650 3896 legitime
672 3813 869 3886 deuoluatur,
891 3815 1092 3877 medietatem
1111 3829 1188 3876 uero
1209 3820 1309 3877 vcomos

290 3922 429 4004 recipiat.
461 3923 486 3985 si
501 3968 510 3986 .
524 3969 532 3986 .
547 3968 556 3986 .
571 3969 579 3985 .
595 3924 718 4004 penitus
736 3923 827 4006 prole
850 3925 998 4000 cernerit,
1015 3925 1117 3988 tercia
1130 3925 1308 4007 pars-bono-

289 4055 360 4099 rum
382 4035 622 4100 decedentissit
641 4033 766 4110 uxoris,
787 4036 849 4100 due
864 4044 969 4118 partes
990 4043 1095 4100 autem
1110 4037 1150 4100 ad
1171 4037 1307 4100 comitem

289 4148 484 4234 pertineant,
506 4148 586 4210 sicut
598 4147 714 4208 iustum
729 4154 761 4210 et
775 4156 960 4212 consuetum
976 4157 1035 4212 est.

373 4253 438 4344 (ta)
458 4257 537 4326 item
550 4257 729 4336 statuimus,
746 4266 784 4326 ut
802 4273 872 4326 eom
892 4260 1066 4328 iuramenta
1085 4261 1128 4328 ao
1149 4261 1306 4349 purgacio-
