2924 4758
264 361 324 431 ato
434 381 459 430 s.
474 379 629 430 munuum
649 379 739 430 susis
760 374 969 428 octnnronuu
990 378 1082 426 umsn
1103 375 1125 428 r.

345 539 490 602 XXXIV.
532 539 577 600 De
596 539 746 619 mateficis.
790 535 828 600 Ut
850 545 994 600 creatura
1015 537 1066 599 dei
1088 537 1128 598 ab
1144 539 1229 600 omni
1253 537 1299 601 ie-

265 655 353 718 sione
382 653 589 735 maiignorum
618 661 757 725 remota,
790 657 821 714 et
848 649 978 712 anulio
1004 650 1223 713 detrimentum
1249 651 1298 713 sui

264 785 399 848 passura
411 766 553 839 maneat,
574 765 634 828 nisi
649 784 667 825 a
682 765 753 837 deo,
775 782 871 844 aquo
886 769 918 824 et
932 767 1161 844 augmentatur,
1184 781 1299 824 secun-

266 877 341 939 dum
357 877 517 939 deorctum
532 883 658 938 senatus
674 873 838 937 statuimus
853 873 958 956 magni
971 872 1155 936 caucionem
1168 875 1298 936 terroris

266 988 419 1051 ueneficio
434 1007 470 1049 ao
486 987 646 1060 maleficis,
667 985 800 1050 utnulla
815 1005 950 1068 persona
964 985 1119 1048 maleficio
1134 994 1187 1048 aut
1200 1006 1298 1050 uene·

266 1099 338 1162 ficio
361 1119 552 1182 quemquam
576 1099 741 1162 hominum
769 1107 889 1160 astato
912 1098 1025 1160 mentis
1046 1105 1101 1160 aut
1122 1097 1298 1160 interficere

268 1211 392 1272 audeat.
422 1218 470 1272 ast
494 1211 520 1272 si
542 1211 613 1292 quis
634 1210 687 1272 uei
709 1229 771 1292 que
795 1216 865 1289 post
889 1207 948 1271 hac
972 1208 1034 1270 hoc
1057 1211 1298 1290 presumpserit,

266 1321 407 1384 tradatur
427 1322 459 1383 in
480 1341 590 1383 manus
610 1320 765 1384 maleficio
787 1319 860 1394 lesi,
882 1329 937 1384 aut
957 1322 988 1383 in
1005 1339 1115 1384 manus
1134 1331 1299 1402 parentum

269 1433 352 1507 eius,
375 1434 547 1496 secundum
571 1433 653 1495 uelle
674 1453 786 1495 eorum
808 1432 1052 1496 diiudicandum.
1085 1435 1111 1496 si
1132 1453 1211 1496 uero
1232 1455 1301 1496 sor·

268 1545 375 1628 tiiegio
403 1555 527 1608 utentes
551 1546 768 1619 inueniuntur,
795 1553 831 1607 ut
850 1545 969 1608 faciunt
992 1545 1024 1607 in
1046 1547 1152 1609 cinere
1174 1555 1227 1608 aut
1252 1547 1300 1608 his

268 1657 438 1730 similibus,
466 1658 506 1718 ab
528 1655 684 1738 episcopis
704 1655 834 1738 flagellis
858 1659 1074 1720 emendentur.

352 1768 482 1829 XXXV.
525 1769 568 1829 De
589 1771 744 1830 inuariouc
765 1771 929 1832 domorum.
980 1769 1129 1832 Uolumus
1153 1780 1187 1834 ut
1207 1770 1299 1832 firma

269 1901 332 1964 pax
347 1889 379 1942 et
392 1877 579 1940 unanimitas
599 1878 639 1941 sit
660 1880 741 1942 inter
756 1880 890 1942 maiores
906 1889 940 1942 et
954 1881 1104 1956 minores,
1126 1883 1300 1945 secundum

271 1989 465 2074 apostolum:
489 1990 653 2053 unanimes
675 1999 793 2065 estote,
815 1999 846 2053 et
861 1999 975 2054 cetera.
1004 1991 1191 2074 necationis
1206 1992 1301 2054 aiium

270 2103 421 2165 inuadere
444 2103 568 2165 audeat
589 2121 663 2164 nam
685 2103 712 2164 si
725 2101 795 2186 quis
817 2101 966 2164 comitum
986 2112 1058 2184 post
1076 2103 1301 2166 diffinicionem

270 2215 363 2277 huius
386 2213 561 2276 communis
579 2213 704 2276 concilii
719 2221 783 2276 tam
799 2221 968 2276 contumax
984 2215 1135 2287 extiterit,
1157 2223 1192 2276 ut
1205 2214 1301 2277 aiium

270 2328 355 2389 domi
377 2335 489 2408 querat
510 2327 548 2388 ad
572 2327 768 2407 perdendum
784 2345 862 2386 'eum
882 2331 976 2407 atque
999 2345 1056 2386 sua
1078 2326 1247 2406 dissipare,
1275 2325 1299 2388 si

271 2437 417 2498 domiuus
440 2437 525 2498 domi
549 2445 608 2508 est,
631 2447 660 2499 et
682 2455 789 2498 secum
811 2435 1008 2518 puguuuerit
1022 2437 1075 2498 uei
1093 2437 1301 2510 interfecerit,

269 2545 335 2610 luat
349 2547 522 2608 secundum
536 2547 641 2629 legem
656 2548 694 2609 de
711 2547 936 2628 euaginucione
954 2546 1048 2629 gladii
1062 2547 1249 2610 contectam.
1275 2548 1301 2610 si

271 2667 376 2722 autem
391 2659 627 2720 comes'ihidem
644 2659 840 2732 occubuerit,
862 2659 930 2720 sine
943 2659 1176 2741 composicione
1191 2661 1301 2722 iaceat.

270 2773 296 2834 si
312 2791 390 2834 nero
403 2771 455 2833 iile
471 2791 533 2833 non
548 2772 779 2853 superuenerit,
795 2772 852 2833 sed
866 2791 940 2834 suos
955 2771 1069 2835 milites
1082 2772 1212 2846 miserit,
1227 2785 1301 2835 cen-

270 2892 337 2946 tum
351 2883 493 2945 iuuencis
508 2892 676 2966 componat
689 2883 896 2945 inuasionem.

278 2997 280 3002 ’
355 2997 381 3058 si
402 3015 479 3058 uero
501 2995 589 3058 msses
611 2996 680 3078 quis
699 2993 810 3056 curtim
831 2995 884 3056 uel
899 2995 1026 3056 domum
1048 2994 1175 3056 alterius
1194 2994 1301 3058 militis

271 3107 438 3180 inuaserit‚
460 3109 570 3170 decem
585 3107 727 3169 iuuencis
743 3114 909 3187 componat
922 3106 1130 3168 inuasionem.
1151 3108 1177 3169 si
1191 3107 1301 3189 uuigo-

271 3221 314 3282 ris
340 3221 468 3302 quidem
494 3219 622 3282 alterius
655 3219 703 3280 sui
733 3218 841 3280 similis
873 3218 1104 3282 mansiunculas
1134 3219 1301 3294 inuocauit,

272 3331 568 3415 quinqueiuuencis
583 3331 685 3393 soluat
697 3331 921 3394 incursionem.

591 3747 728 3790 uxauctr
749 3749 838 3790 LIBER
857 3749 978 3788 unimus.
