2920 4758
277 409 338 476 tos
440 427 659 474 renuamus
685 427 1004 474 mcnmrrscoroeorr.
1052 411 1141 474 tara.

621 683 800 750 cassatio
829 697 959 761 papae.

357 853 566 916 Innocencius
589 853 755 938 episcopus
779 872 891 915 seruus
913 873 1078 916 seruorum
1101 853 1170 928 dei,
1195 853 1333 930 illustri¹

276 964 345 1046 regi
358 963 493 1045 Ungarie
509 1007 516 1024 .
532 1006 540 1023 .
555 1007 563 1023 .
580 1007 588 1023 .
608 961 1065 1054 procuratores'strigoniensis
1085 964 1214 1046 capituli
1235 986 1323 1046 pro·

276 1093 412 1156 posuere
435 1079 624 1146 constanter,
645 1073 731 1154 quod
749 1072 802 1136 illa
821 1073 1011 1156 composicio
1031 1074 1107 1138 inita
1121 1075 1227 1138 fuerat
1239 1076 1322 1140 sine

277 1204 409 1246 assensu
437 1183 580 1265 capituli,
608 1184 692 1246 etin
713 1203 845 1248 enorme
864 1185 1062 1266 dispendium
1083 1186 1320 1268 strigoniensis

278 1293 408 1358 ecclesie
431 1294 636 1356 redundabat.
664 1295 748 1356 unde
770 1296 1021 1366 contradicentes
1041 1295 1132 1358 nobis
1146 1297 1320 1359 humiliter

269 1405 506 1486 supplicarunt,
537 1412 571 1466 ut
596 1404 780 1467 auctoritate
808 1406 980 1486 apostolica
1004 1425 1209 1469 cassaremus.
1249 1427 1317 1471 nos

256 1583 259 1590 f
276 1516 371 1600 igitur
385 1517 595 1590 attendentes,
610 1517 695 1597 quod
707 1516 780 1577 olim
796 1516 886 1578 nobis
901 1517 997 1578 multa
1010 1535 1140 1600 precum
1153 1519 1317 1592 instancia

277 1627 482 1710 supplicaras,
503 1635 537 1689 ut
551 1647 647 1708 super
659 1627 727 1690 iure
742 1627 915 1689 coronandi
929 1627 1174 1710 regesUngarie
1188 1629 1316 1712 Strigo·

277 1739 378 1801 niensi
393 1738 525 1800 ecclesie
540 1738 741 1820 priuilegium
757 1737 933 1801 concedere
952 1739 1164 1820 dignaremur,
1184 1761 1313 1822 nosque

277 1849 339 1912 tuis
353 1847 500 1928 precibus
519 1847 672 1920 inclinati,
694 1855 726 1910 et
740 1868 836 1928 super
850 1849 910 1910 boc
926 1849 1123 1932 priuilegium
1137 1871 1314 1916 concesse-

276 1961 373 2022 rimus
388 1958 516 2020 fratrum
531 1965 707 2020 nostrorum
722 1960 1003 2040 subscriptionibus
1018 1963 1209 2038 roboratum,
1231 1983 1313 2026 con-

277 2071 453 2132 siderantes
474 2071 592 2143 eciam,
622 2070 708 2148 quod
729 2071 754 2132 si
775 2077 914 2151 potestas
936 2071 1109 2162 coronandi
1128 2093 1221 2154 reges
1245 2074 1312 2134 Un-

277 2181 363 2264 garie
384 2201 482 2264 penes
498 2181 639 2242 diuersas
658 2180 809 2242 ecclesias
830 2181 1001 2254 resideret,
1022 2181 1079 2244 toti
1092 2201 1192 2264 regno
1207 2203 1310 2266 graue

275 2293 450 2376 periculum
466 2299 497 2354 et
515 2291 684 2355 heredibus
704 2292 765 2354 tuis
781 2292 899 2374 grande
913 2299 1021 2374 posset
1036 2293 1236 2373 dispendium
1252 2313 1309 2376 ge-

275 2403 395 2476 nerari,
426 2424 523 2484 quum
552 2402 632 2464 sicut
653 2403 776 2483 plenius
797 2404 866 2484 ipse
890 2404 989 2476 nosti,
1018 2403 1201 2488 frequenter
1223 2405 1310 2467 inter

276 2533 386 2596 regum
405 2513 541 2594 Ungarie
570 2513 743 2576 coheredes
769 2534 865 2596 super
888 2514 1059 2576 obtinenda
1078 2515 1167 2596 regni
1189 2535 1309 2581 corona

276 2621 458 2684 scandalum
477 2623 517 2684 sit
538 2630 696 2696 exortum,
718 2624 803 2705 quod
828 2623 936 2706 utique
961 2633 1070 2708 posset
1091 2623 1212 2686 facilius
1232 2627 1308 2688 sub-

278 2733 369 2806 oriri,
397 2734 423 2796 si
452 2753 506 2796 eos
532 2733 674 2796 diuersos
700 2743 902 2798 coronatores
928 2735 1123 2817 contingeret
1144 2731 1307 2812 inuenire,

275 2854 405 2928 propter
415 2845 675 2908 contradictiones
691 2854 722 2908 et
735 2847 879 2908 raciones
894 2846 1083 2928 prescriptas
1099 2847 1309 2927 composicio·

275 2975 348 3018 nem
363 2955 543 3018 huiusmodi
564 2976 629 3018 non
649 2957 820 3038 potuimus,
841 2956 923 3018 sicut
936 2977 995 3018 nec
1010 2957 1175 3019 debuimus
1190 2957 1308 3038 confir-

275 3057 361 3128 mare
377 3111 409 3127 ..
432 3055 538 3129 datum
564 3067 711 3129 Laterani
731 3067 769 3127 ll.
800 3067 873 3128 Idus
895 3067 1072 3141 Februarii,
1103 3065 1306 3148 pontificatus

228 3219 230 3225 ,
275 3178 374 3240 nostri
393 3197 475 3240 anno
498 3169 609 3259 quarto
633 3177 766 3240 decimo.
886 3169 887 3174 ’
