3048 4760
268 387 329 458 iti
362 405 504 456 esuum
516 405 670 454 nrcnners
681 403 887 454 cossrrrnrro
902 403 943 450 nn
958 402 1098 450 resumis
1112 393 1173 452 etc.
1206 387 1298 453 1207.

268 563 413 646 proximo
433 562 639 644 subsequenti
657 557 728 644 pos‘t
748 559 863 622 testum
888 557 1057 622 natiuitatis
1078 559 1210 640 uirginis
1231 559 1300 642 gio·

268 677 355 740 riose
376 675 491 739 essolet
509 675 677 746 celebrari,
705 691 766 736 neo
785 687 851 734 non
869 679 951 754 post·
962 672 1066 754 ipsum
1088 671 1299 736 dedicaeionis

271 787 371 859 diem,
390 785 532 849 similiter
546 786 587 848 ad
601 793 763 858 octauam,
776 783 991 846 concessimus
1006 789 1162 864 perpetuo
1176 784 1301 846 etii-re·

269 893 700 981 iregsbiliterobtinendam,
730 895 819 958 annis
841 889 972 977 singuiis
989 891 1119 975 pacifice
1138 892 1302 956 celebren-

272 1009 362 1082 dam,
385 1008 519 1072 liberam
540 1009 668 1070 omnino
690 1015 722 1070 et
740 1013 920 1088 exemptam
938 1025 958 1068 a
978 1005 1190 1068 iurisdictione
1209 1006 1301 1088 regni

270 1120 373 1182 nostri·
394 1117 539 1194 Palatini3
554 1119 622 1201 ·qui
647 1119 735 1200 regia
761 1119 800 1182 de
826 1116 933 1200 gracia
958 1135 1016 1197 pro
1035 1124 1183 1198 tempore
1207 1116 1302 1181 tuem

270 1229 405 1294 iilius‘iu
424 1229 559 1292 fascibus
574 1228 749 1312 dignitatis,
770 1229 966 1308 aliorumque
981 1229 1121 1292 omnium
1139 1227 1302 1290 uniuersu-

270 1340 343 1404 liter
356 1349 536 1403 nostrorum
551 1339 643 1422 regni·
655 1347 835 1421 magnatum
850 1347 882 1402 et
895 1339 1060 1413 baronum,
1076 1347 1110 1401 et
1123 1337 1301 1421 speciniiter
1382 1410 1385 1414 ,

272 1453 414 1536 magistri
427 1451 890 1526 Touernicorumnostrorum,
911 1471 949 1513 ac
967 1451 1079 1514 iudicis
1093 1451 1179 1514 curie
1194 1459 1301 1514 nostre

272 1563 443 1646 imperiosa
459 1563 680 1626 iurisdictione
701 1560 842 1645 qualibet
866 1563 899 1624 in
923 1561 1045 1624 eisdem
1070 1561 1130 1624 sibi
1152 1560 1300 1624 nundinis

273 1674 342 1738 foro
360 1675 606 1757 congregacione
627 1674 783 1756 geuersii,
804 1695 862 1736 seu
884 1674 983 1750 ieriis3
1012 1689 1140 1756 prorsus
1160 1693 1218 1756 per
1232 1693 1301 1736 om-

273 1786 326 1848 nia
346 1787 517 1868 denegata,
546 1786 646 1867 ipsius
669 1787 889 1848 tantummodo
911 1787 1066 1848 Budensis
1088 1785 1187 1850 nostri
1210 1786 1303 1850 omui

273 1897 386 1974 iudicis
400 1898 563 1979 potencie,
584 1915 642 1960 seu
656 1897 773 1960 iudicio
787 1907 992 1968 reseruatnm.
1174 1900 1178 1908 '

359 2006 403 2092 (2)
424 2011 470 2072 lic
486 2009 625 2073 teulonio
639 2009 829 2074 seutributo
839 2019 903 2074 tam
917 2029 978 2094 per
986 2011 1054 2076 uias
1067 2020 1234 2082 terrestres
1243 2027 1303 2075 seu

276 2123 437 2206 aquaticos
452 2123 678 2188 accedentibus
691 2123 774 2186 ultro
789 2123 943 2205 citraque,
966 2125 1115 2189 uidelicet
1129 2124 1304 2207 pernitiem

274 2237 370 2299 Pestis
388 2235 598 2309 uenientibus,
619 2233 672 2298 uei
692 2235 1034 2318 pessimundecunquc
1052 2236 1108 2298 uei
1119 2238 1161 2300 de
1173 2237 1305 2320 quibus-

275 2367 399 2428 cunque
420 2347 621 2428 regionibus,
653 2347 848 2410 occurrerint
871 2345 1051 2430 ubicunque
1079 2347 1112 2409 iu
1136 2347 1305 2424 territorio,

274 2477 333 2522 seu
354 2459 444 2521 metis
465 2458 564 2539 ipsius
583 2457 716 2522 ciuitatis
736 2459 776 2521 nd
798 2460 1078 2540 congregacionem
1097 2459 1305 2542 sepedictam

276 2569 374 2634 dictas
391 2569 561 2642 nundinas,
588 2569 708 2644 forum,
734 2569 915 2652 generalem
938 2572 1221 2654 congregacionem
1247 2591 1305 2634 scu

274 2680 370 2746 terias
384 2679 452 2745 iiias
467 2681 513 2744 eis
529 2699 599 2744 esse
614 2679 760 2744 nolumus
775 2701 833 2764 per
848 2681 952 2744 omnia
966 2681 1097 2757 liberas,
1119 2690 1151 2755 ot
1162 2684 1205 2746 eb
1219 2680 1305 2744 omni

276 2793 438 2856 erectione
458 2792 565 2854 tributi
579 2799 757 2872 exemptas,
778 2801 812 2856 ut
826 2791 922 2854 nichil
938 2793 977 2854 ab
991 2794 1071 2874 ipsis
1084 2795 1208 2875 penitus
1223 2793 1306 2876 exigi

276 2905 382 2968 ualeat
401 2922 514 2968 census
535 2905 609 2966 naui
630 2925 686 2985 per
701 2904 949 2986 quempiamuei
962 2902 1082 2987 imponi
1096 2905 1129 2968 in
1143 2907 1213 2988 ipse
1225 2907 1307 2968 dun·

277 3026 363 3080 tnxat
376 3017 436 3079 fori
454 3016 633 3080 nundinaiis
649 3035 723 3078 area
738 3015 812 3077 dum
827 3023 1015 3078 mercentur.
1084 3045 1085 3048 ¹
1100 3031 1102 3038 ‘

360 3125 405 3210 (3)
427 3129 575 3190 Pretcrea
588 3126 746 3200 nolumus,
757 3127 843 3208 quod
857 3127 883 3188 si
895 3126 1073 3209 quelittere
1083 3127 1197 3208 quouis
1212 3127 1306 3189 modo

276 3237 383 3312 habite
408 3244 439 3300 et
462 3237 595 3302 obtente'
612 3245 722 3298 contra
742 3237 871 3300 eosdem
894 3239 980 3300 ciues
997 3245 1121 3300 nostros
1146 3245 1178 3303 ct
1200 3245 1308 3300 contin

278 3346 485 3414 donacionem
498 3346 678 3409 huiusmodi
692 3347 766 3427 ipsis
783 3367 840 3428 per
854 3367 910 3409 noos
925 3348 1040 3410 factam
1057 3368 1114 3430 per
1127 3349 1308 3431 qnempiam

280 3459 392 3540 quouis
413 3467 554 3538 tempore
575 3457 809 3533 exhiberentur,
831 3478 920 3522 casse
939 3459 1002 3522 sint
1016 3467 1050 3522 et
1060 3460 1172 3532 inance
1187 3470 1219 3524 et
1231 3461 1309 3524 osisi-

279 3571 339 3636 bus
355 3571 478 3652 penitus
494 3569 637 3634 cariture.
658 3611 660 3616 ι

361 3683 402 3746 Ut
411 3681 507 3766 igitur
520 3683 613 3746 huius
628 3689 736 3746 nostre
747 3683 930 3746 donacionis
946 3683 1045 3748 series
1058 3685 1158 3762 robur
1169 3685 1311 3748 obtineat

279 3802 433 3876 perpetue
449 3793 621 3868 fismitatis,
641 3815 701 3858 nec
715 3815 867 3878 processu
883 3805 1063 3878 temporum
1076 3797 1312 3861 uaieatrccec-

278 3907 355 3981 tari,
376 3917 539 3988 presentes
559 3906 636 3989 ipsis
653 3907 802 3970 fidelibus
823 3907 944 3972 ciuibus
965 3910 1080 3972 nostris
1094 3907 1310 3972 concessimus

278 4011 397 4083 litteras
414 4017 571 4100 duppiicis
584 4018 679 4101 sigilli
692 4019 793 4084 nostri
806 4021 981 4084 munimine
992 4021 1168 4086 sonoritas.

361 4131 475 4194 Datum
500 4151 557 4212 per
575 4149 690 4194 manus
703 4131 837 4196 ¹‹iistcreti
860 4133 938 4208 uiri,
969 4133 1113 4217 magistri
1136 4133 1312 4210 theodore

281 4244 798 4329 prepositiScehenien'sis,-ssncte
808 4245 1106 4312 vnitrensiseccieeic
1121 4247 1223 4324 electi,
1237 4247 1312 4313 auis
