2920 4758
320 371 451 445 roonis
472 394 505 444 n.
526 393 615 445 neers
636 393 803 447 necamur
826 397 858 448 n.
902 379 991 448 1232.
1110 379 1169 450 tas

113 548 207 616 etsi
228 552 545 637 aliquosuntcoltete
567 555 619 618 uel
641 556 783 632 uendite,
806 557 923 639 populo
947 559 1036 642 regni
1058 559 1098 622 ad
1119 580 1170 623 re-

113 665 324 728 dimendum
342 667 524 739 reddantur,
547 667 597 728 uel
612 668 792 747 simpliciter
806 667 1005 750 recipiantur.

218 769 366 838 XXXIII.
408 779 485 838 Item
510 797 566 858 pro
584 779 713 860 singulis
737 781 916 842 marturinis
939 789 1072 862 quatuor
1089 803 1169 864 pon-

114 889 213 950 dera
231 890 462 978 persoluaptur.
485 871 761 972 quantumcunque
784 891 815 951 in
832 911 869 952 ea
885 895 1080 974 prouenerit,
1104 903 1168 958 ter-

115 1001 176 1061 cia
205 1021 283 1080 pars
299 1000 425 1062 domiuo
440 1000 544 1074 fundI,
566 1009 597 1062 et
612 1001 672 1062 due
688 1011 790 1082 partes
807 1003 934 1064 domiuo
949 1012 1032 1066 terre
1049 1007 1168 1088 persol-

114 1121 264 1174 uantur.

221 1222 367 1286 XXXIV.
421 1223 557 1286 Comites
582 1224 651 1287 inre
676 1225 723 1286 sui
748 1225 911 1288 comitatus
937 1226 998 1288 sint
1021 1228 1167 1290 contenti.

120 1343 244 1398 cetera
272 1337 310 1396 ad
332 1355 440 1416 regem
462 1335 670 1416 pertinencia,
692 1335 820 1396 scilicet
843 1335 1007 1409 cibriones,
1036 1338 1167 1412 tributa,

119 1448 256 1520 houes,
278 1455 310 1510 et
330 1448 391 1508 due
413 1455 517 1528 partes
532 1455 727 1522 *castrorum
750 1449 789 1510 ad
804 1447 887 1530 regis
907 1447 1101 1512 uoluntatem
1117 1451 1167 1515 cui

121 1561 205 1621 uult
222 1559 453 1621 distribuantur.

170 1727 173 1730 ,
221 1670 351 1730 XXXV.
393 1671 470 1732 Item
503 1673 755 1752 quandocunque
788 1672 909 1752 aliquos
943 1673 1052 1734 ordine
1085 1673 1167 1734 iudi-

124 1783 236 1843 ciario
259 1781 403 1842 conuioci
423 1781 629 1863 contingerit,
657 1781 689 1842 in
703 1783 864 1845 uoluntate
881 1792 989 1846 nostra
1009 1785 1066 1846 erit
1081 1785 1166 1846 bona

124 1894 281 1974 ipsorum
295 1913 393 1974 penes
409 1911 466 1954 nos
487 1884 641 1967 retinere,
662 1895 714 1961 uel
729 1894 795 1956 ediis
806 1913 867 1976 pro
884 1895 964 1958 uelle
979 1905 1087 1958 nostro
1104 1898 1166 1958 dis-

121 2003 286 2066 tribuere.
326 2002 506 2066 incendium
537 2013 643 2066 tamen
672 2005 751 2070 mitti
781 2005 926 2070 nolumus
955 2028 1050 2088 super
1074 2009 1163 2070 uittas
1218 1998 1222 2005 ยน

127 2115 323 2176 eorundem.

218 2227 258 2288 Ut
277 2234 382 2289 autem
402 2227 462 2290 hec
484 2227 599 2291 nostris
615 2235 645 2290 et
660 2247 878 2290 successorum
893 2237 1071 2292 nostrorum
1086 2239 1165 2292 tem-

124 2338 265 2421 poribus
284 2337 375 2400 firma
397 2347 428 2400 et
452 2339 641 2406 inconcussa
663 2347 880 2418 permaneant,
906 2346 969 2400 tam
992 2359 1049 2400 nos
1071 2359 1166 2421 quam

126 2448 190 2510 filii
211 2450 329 2522 nostri,
351 2451 478 2531 prestito
495 2451 698 2530 corporatiter
712 2451 887 2514 iuramento
903 2451 1164 2526 confirmauimus,

130 2567 245 2622 ettam
261 2569 369 2622 nostro
385 2580 478 2642 quam
493 2561 628 2636 fitiorum
644 2571 822 2624 nostrorum
839 2561 946 2644 sigillis
965 2561 1098 2626 fecimus
1113 2582 1165 2626 ro-

130 2671 251 2748 borari.
284 2678 455 2750 spontanee
481 2671 732 2751 consencientes,
764 2681 798 2734 ut
823 2675 888 2744 sIue
914 2695 989 2748 nos,
1020 2676 1086 2740 siue
1110 2675 1165 2738 otii

131 2783 237 2844 nostri
257 2791 288 2844 et
301 2801 500 2846 successores
522 2783 619 2844 nostri
638 2783 720 2844 hanc
736 2803 753 2844 a
767 2784 857 2844 uobis
874 2801 1056 2847 concessam
1071 2787 1165 2848 liber-

131 2901 233 2956 tatem
255 2895 453 2975 confringere
467 2895 642 2966 noluerint,
664 2895 919 2976 archiepiscopus
934 2895 1164 2976 strigoniensis,

134 3007 291 3087 premissa
312 3007 451 3088 legitima
473 3005 708 3079 admonicione,
730 3025 787 3068 nos
809 3005 935 3068 uinculo
952 3008 1165 3069 excommuni-

132 3119 274 3184 cacionis
288 3127 319 3180 et
333 3138 387 3180 eos
401 3117 573 3180 innodandi
589 3117 703 3180 habeat
719 3124 915 3197 potestatem.

216 3233 330 3292 Datum
346 3249 428 3291 anno
444 3231 483 3290 ah
498 3230 718 3292 incarnacione
735 3229 851 3290 domini
865 3229 1062 3294 MCCXXXI.
1079 3251 1163 3308 anno

133 3362 213 3406 uero
229 3340 319 3423 regui
333 3341 432 3402 nostri
447 3341 561 3401 XXIX.
