2920 4758
85 454 201 502 omnm
224 455 267 501 ιν.
285 453 377 502 nnsis
397 453 549 500 sinceres
571 451 791 500 rosnrrnrooe
813 453 924 500 resin.
954 434 1045 499 mcc.
1087 433 1149 500 tor

196 614 259 687 (2)
283 613 362 674 item
382 607 466 672 infra
486 609 599 675 limites
621 609 710 691 regni
732 609 830 670 nostri
853 609 892 670 ab
914 609 999 671 omni
1020 580 1149 682 tributo,

93 723 203 785 salua
227 721 388 785 tricesima
411 729 442 784 et
462 721 640 785 salno‘inre
663 720 794 783 ecclesie
810 720 974 794 Budensis,
996 727 1147 802 quantum

96 835 154 897 ad
168 835 290 896 tribute
306 835 347 896 de
360 833 475 896 salibus
489 831 662 914 exigenda,
684 832 746 892 sint
758 831 884 895 exemti.

199 945 256 1019 (3)
285 944 362 1006 Item
386 943 424 1005 de
442 942 544 1004 uineis
567 961 676 1004 eorum
702 943 858 1004 cibrioncs
881 941 1058 1006 nuliatenus
1083 943 1149 1004 exi-

102 1057 242 1138 gantur.

199 1167 257 1242 (ῐι)
279 1167 356 1228 Item
377 1164 480 1228 nuilus
503 1165 676 1246 principum
699 1173 879 1227 nostrorum
902 1165 1076 1228 uiolentum
1091 1165 1147 1226 de·

107 1299 267 1342 scensum
287 1278 391 1341 facere
415 1277 513 1359 possit
534 1297 631 1358 super
655 1297 721 1352 eos,
743 1297 801 1340 nec
824 1276 942 1358 aliquid
962 1285 1071 1339 contra
1094 1296 1149 1338 eo-

107 1391 264 1452 rumdem
277 1389 420 1470 recipere
434 1387 642 1462 uoluntatem,
660 1389 717 1450 sed
732 1389 928 1450 descendens
944 1388 1026 1450 iusto
1041 1387 1148 1469 precio

111 1501 176 1566 sibi
190 1501 372 1564 necessario
386 1501 503 1563 debeat
515 1517 711 1582 comparere.

202 1615 263 1688 (5)
283 1611 478 1694 Item,quod
501 1612 605 1675 nullus
630 1611 746 1692 hospes
772 1631 810 1672 ex
828 1609 907 1692 ipsis
930 1609 1149 1691 possessiones

113 1744 192 1789 suas
218 1723 270 1786 uel
296 1723 405 1784 domos
430 1723 571 1784 uendere
597 1723 701 1783 ualeat
725 1721 816 1784 alicui
841 1729 1008 1796 extraneo,
1033 1721 1094 1782 nisi
1115 1721 1148 1782 in

114 1838 232 1900 eedem
248 1835 323 1898 nilla
337 1835 462 1897 uolente
478 1833 591 1896 amodo
607 1833 757 1897 hahitare.

202 1949 261 2023 (6)
282 1949 360 2009 item
382 1945 561 2028 quicunque
584 1965 623 2006 er
642 1944 719 2026 ipsis
742 1945 809 2007 sine
829 1944 948 2008 herede
964 1944 1149 2020 decesserit,

118 2058 344 2142 possessiones
358 2057 537 2120 dimittendi
547 2055 665 2118 habeat
672 2056 876 2130 facultatem,
897 2057 947 2118 cni
961 2057 1058 2118 uolet.

197 2171 260 2242 (7)
283 2169 360 2232 Item
377 2167 566 2250 ¹quicunqne
592 2187 633 2228 ex
658 2167 703 2230 eis
728 2167 944 2248 possessiones
971 2167 1095 2239 emerit,
1122 2166 1148 2226 si

115 2301 176 2362 per
192 2300 309 2344 annum
324 2287 356 2341 et
370 2278 454 2342 diem
469 2277 572 2341 nulius
591 2280 694 2360 ipsum
715 2296 810 2360 super
831 2279 892 2340 hoc
910 2277 1087 2359 impetierit,
1109 2278 1148 2339 de

117 2401 227 2455 cetero
249 2411 305 2454 eos
325 2391 392 2454 sine
414 2391 660 2454 contradictione
683 2390 788 2473 aliqua
802 2389 961 2472 possideat
973 2387 1102 2471 pacifice
1118 2395 1150 2451 et

117 2504 239 2586 quiete.
339 2549 341 2554 .

203 2615 260 2690 (8)
281 2615 359 2676 Item
379 2613 517 2676 habeant
535 2614 668 2677 liberam
683 2613 868 2676 electionem
888 2611 1031 2694 plebani,
1052 2633 1150 2696 quum

119 2747 232 2792 eorum
253 2724 386 2789 ecclesia
404 2727 564 2800 nocuerit,
584 2744 643 2788 nec
652 2725 810 2807 plebanus
831 2724 964 2788 picarios
981 2725 1149 2788 constituet

118 2838 158 2902 iis
173 2838 294 2902 inuitis·
333 2877 337 2881 -

204 2953 262 3026 (9)
284 2952 362 3012 Item
377 2949 437 3031 ipsi
454 2949 604 3012 maiorem
618 2947 693 3012 niiie
707 2947 766 3010 sihi
781 2945 907 3030 eligant,
922 2967 1018 3028 quem
1032 2945 1150 3020 nolent,

119 3071 153 3126 et
167 3062 408 3151 nobis‘clectnm
421 3067 610 3143 presentent,
626 3059 679 3142 qni
690 3077 923 3124 omnes-causes
935 3077 1045 3120 eornm
1059 3078 1151 3120 mnn-

120 3175 220 3238 danns
243 3173 356 3242 debeat
384 3173 538 3245 iudicare,
566 3172 624 3234 sed
645 3170 672 3234 si
693 3191 752 3254 per
770 3172 874 3252 ipsum
894 3171 1000 3233 dehita
1027 3169 1150 3232 iusticie

120 3286 215 3348 alicui
236 3304 300 3348 non
319 3284 416 3347 fuerit
437 3283 593 3358 exhibita,
614 3283 682 3364 ipse
699 3282 823 3344 uillicus
846 3289 878 3345 et
898 3301 962 3343 non
983 3281 1072 3357 uilla,
1094 3281 1151 3344 de-

119 3398 196 3460 beat
216 3396 379 3460 conueniri
401 3415 506 3458 coram
527 3397 632 3468 nohis,
654 3393 707 3458 nel
725 3394 778 3456 iiio
799 3394 849 3456 cni
870 3393 1051 3456 duxerimus
1065 3411 1151 3456 com-

119 3509 317 3573 mittendum.
472 3503 473 3506 ’

204 3621 294 3695 (10)·
317 3621 394 3682 item
417 3617 651 3700 nicepalntinus
679 3618 836 3681 uiolenter
861 3616 1059 3682 descendere
1084 3635 1150 3680 non

119 3733 222 3816 possit
236 3751 412 3813 supereos,
433 3747 492 3794 nec
508 3731 636 3794 eosdem
646 3729 799 3792 iudicare.
815 3749 824 3775 ν
855 3773 858 3780 «
888 3758 892 3770 ‚

199 3845 283 3918 (11)
310 3844 389 3906 Item
412 3842 530 3916 omnia,
553 3861 616 3924 que
629 3848 701 3923 post
715 3856 875 3904 recessum
889 3841 1087 3902 Tartarcrum
1104 3841 1150 3904 eis

121 3954 326 4028 contulimus,
348 3954 470 4036 possint
484 3953 551 4016 sine
567 3951 811 4016 contradictione
826 3951 966 4034 qualibet
978 3951 1154 4034 possidere,

203 4066 284 4139 (tn)
306 4065 384 4128 Item
397 4063 586 4146 “quicunque
600 4081 674 4128 cum
695 4063 739 4126 eis
761 4061 912 4127 habitare·
925 4063 1073 4138 uoluerit,
1094 4063 1152 4126 ha-

120 4175 226 4240 bendo
250 4175 296 4236 ihi
318 4174 545 4258 possessiones,
565 4194 638 4240 cum
661 4175 699 4242 iis
722 4183 867 4241 teneatur
888 4173 1024 4242 seruicia
1044 4173 1151 4242 debito

120 4303 282 4356 exercere.
304 4320 306 4326 .
