2904 4754
333 467 482 518 nrrrnnr
503 471 572 518 nnnr
594 471 667 519 rnen
688 470 873 519 sennvonnn.
917 452 1006 518 1273.
1122 451 1182 520 bii

149 627 205 690 uei
226 627 448 709 iobbegionom
470 627 578 702 castri,
601 629 712 690 domus
732 628 853 712 aliquas
875 638 928 692 not
942 629 1071 692 domurn
1088 627 1185 704 uitrici

150 748 207 802 aut
224 739 384 821 preconis,
406 739 585 801 molendino
603 747 634 803 ei
648 739 755 802 stnbos
770 741 875 804 dicare
890 761 954 803 non
969 740 1105 804 debeant
1120 741 1184 804 uilo

150 851 260 912 modo.

237 963 315 1036 (23)
337 961 445 1022 Uiiiioo
468 962 565 1024 eciem
589 961 700 1024 domus
722 981 786 1024 nna
808 963 926 1024 notorie
949 983 1006 1025 sne
1029 983 1086 1044 pro
1104 961 1185 1024 reci-

149 1073 277 1156 piendis
291 1071 468 1152 hospitibus
483 1069 582 1134 libera
596 1073 799 1164 relinquetur,
827 1080 860 1136 et
873 1073 943 1139 telis
959 1074 1053 1136 debet
1067 1071 1184 1136 bebere

148 1184 292 1248 uillicum
307 1183 359 1244 nei
374 1203 559 1266 preconem,
581 1184 634 1266 qni
651 1185 762 1246 decern
778 1185 983 1266 iobbogiones
998 1183 1139 1269 possidet
1154 1192 1186 1246 et

151 1294 324 1359 noninbn.

239 1405 318 1499 (2b)
340 1407 418 1468 ltern
440 1405 533 1488 aliqui
554 1415 785 1496 commorantes
808 1427 904 1492 snper
917 1407 1013 1471 terris
1033 1407 1185 1471 nobilium

151 1520 206 1583 nel
226 1519 461 1600 iobbegionium
481 1521 574 1580 castri
596 1503 779 1581 dicerinon
800 1519 932 1593 debent,
953 1520 1009 1582 sed
1024 1520 1186 1602 iobbegio·

152 1652 212 1694 nes
228 1650 352 1703 eorum,
373 1629 400 1692 si
415 1651 494 1712 qnos
509 1631 635 1694 hebent.

239 1743 319 1817 (25)
340 1743 379 1804 Et
404 1743 488 1824 qnod
513 1742 618 1804 ornnin
643 1744 796 1826 premissa
819 1744 925 1808 debito
947 1745 1058 1808 ordine
1078 1745 1186 1808 obser-

153 1859 285 1926 nentor,
307 1873 377 1916 curn
402 1853 514 1915 comite
533 1854 733 1936 Zegrebiensi
754 1856 903 1918 continno
924 1855 1047 1920 nobiles
1069 1865 1101 1919 et
1122 1857 1185 1920 duo

153 1965 361 2048 iobbagiones
382 1965 488 2038 castri,
511 1973 543 2028 et
563 1965 693 2027 totidem
709 1986 778 2028 corn
795 1967 906 2030 comite
922 1967 1085 2041 Crisiensi,
1106 1985 1190 2050 qnos

153 2095 290 2159 regnum
300 2075 464 2158 eligendos*
473 2075 608 2150 duxerit,
617 2075 809 2138 indicabunt.
830 2075 884 2158 qni
896 2075 923 2138 si
934 2075 1062 2138 omnino
1074 2079 1186 2140 adesse

154 2207 220 2250 non
237 2195 379 2267 possent,
401 2194 464 2248 tres
478 2187 530 2248 uel
546 2187 609 2250 duo
624 2185 745 2251 iudices
760 2207 799 2250 eo
814 2187 864 2250 die
879 2185 1036 2250 sufficient
1051 2189 1091 2249 ad
1105 2187 1188 2250 indt-

155 2295 433 2370 einrnfaoiendom
727 2383 728 2386 Ἴ

241 2407 278 2472 Ut
297 2417 403 2471 eutem
423 2409 485 2470 heo
506 2417 620 2472 statuta
638 2410 850 2491 suprascripta
870 2429 926 2471 sen
943 2408 1190 2473 constitucionee

155 2521 253 2584 robur
276 2528 430 2602 perpetue
457 2519 619 2584 obtineant
642 2519 812 2592 firmitatis,
829 2513 830 2516 ’
843 2525 1007 2601 presentes
1031 2519 1190 2582 concessi·

156 2652 227 2692 mus
248 2631 353 2692 literas
373 2631 464 2711 sigilii
480 2631 578 2692 nostri
602 2631 772 2693 munimine
792 2632 969 2694 roboratas.
1000 2631 1117 2692 datum*
1130 2632 1189 2692 Ze=

157 2741 282 2826 grebie,
311 2724 419 2822 quinte
433 2739 513 2802 seria
526 2741 669 2822 proxima
683 2748 755 2822 post
770 2749 897 2804 octenas
911 2759 1016 2827 pesce.
1049 2759 1133 2804 enno
1147 2739 1191 2802 ab

159 2851 381 2914 incarnacione
416 2851 535 2914 domini
567 2850 734 2914 millesimo
770 2849 985 2914 ducentesimo
1022 2856 1195 2934 septuage-

161 2964 241 3028 simo
257 3007 360 3025 .....
