2904 4754
282 429 342 496 ill
455 447 543 494 nean
564 447 606 494 iv.
627 445 718 492 anon
739 443 812 490 suaa
832 445 1010 490 ruononun.
1043 425 1131 490 1251.

281 604 364 668 rabit
375 603 492 666 ludens
513 623 609 684 super
623 600 756 684 pignore
775 599 833 662 sibi
855 599 1009 682 obligato,
1030 605 1063 662 et
1077 599 1161 681 quod
1174 597 1313 662 iurando

281 713 478 798 probauerit,
500 713 530 776 ei
544 712 669 776 soluere
687 731 750 772 non
765 719 898 774 recuset.

366 822 410 905 (h)
431 823 509 886 Item
530 823 556 884 si
571 823 686 886 Indeus
702 821 912 884 Christianum
932 821 1063 886 testibus
1084 841 1146 884 non
1165 821 1312 885 assumtis

284 937 425 1014 dicatae
451 935 563 1017 pignus
587 934 757 1016 obligasse,
793 941 825 996 et
845 932 897 996 ille
916 934 1097 1017 negauerit,
1131 955 1226 1016 super
1247 934 1312 996 boc

285 1045 479 1112 Christianus
494 1045 542 1110 sui
557 1045 655 1108 solius
669 1045 847 1108 iuramento
861 1065 895 1108 se
912 1053 1076 1128 expurget.
1244 1128 1248 1134 1

368 1154 412 1238 (5)
433 1157 510 1220 ltem
525 1157 641 1219 ludens
664 1157 807 1238 recipere
822 1157 936 1237 poterit
949 1156 1077 1218 nomine
1092 1157 1230 1238 pignoris
1244 1177 1311 1220 om-

284 1270 338 1334 nia
352 1288 413 1350 que
428 1268 489 1330 sibi
505 1267 621 1330 fuerint
636 1267 782 1350 obligata,
804 1287 993 1350 quocunque
1008 1267 1136 1330 nomine
1149 1265 1320 1339 nocentur,

284 1379 372 1447 nulla
386 1379 425 1444 de
439 1379 501 1442 boo
512 1377 723 1462 requisicione
738 1377 838 1452 iacta,
853 1379 992 1460 exceptis
1006 1378 1196 1440 indumentis
1210 1377 1311 1440 eccle-

284 1492 434 1566 siasticis,
455 1492 514 1555 nisi
536 1491 715 1572 obligentur
735 1511 793 1572 per
813 1489 969 1572 prelatum
993 1489 1252 1564 ecclesiasticum,
1278 1497 1313 1552 et

284 1603 426 1666 uestibus
440 1601 687 1684 sanguinolentis
708 1609 740 1666 et
754 1601 954 1676 madefactis,
977 1621 1055 1683 quas
1069 1601 1246 1664 nullatenus
1260 1621 1312 1664 ac-

286 1713 431 1796 ceptabit.

366 1821 412 1905 (6)
441 1824 517 1886 Item
546 1821 572 1884 si
600 1821 795 1886 Christianus
823 1823 1015 1904 impetiuerit
1042 1822 1193 1897 Iudeum,
1227 1825 1313 1906 quod

285 1937 399 2021 pignus
419 1935 505 2018 qnod
526 1935 640 1999 ludens
663 1935 760 1999 habet
782 1937 888 1998 furtim
912 1944 966 1998 aut
989 1957 1044 2017 per
1067 1935 1253 2000 uiolenciam
1276 1937 1315 2000 sit

286 2047 440 2121 ablatum,
459 2047 575 2109 ludens
596 2047 676 2110 iuret
697 2066 792 2128 super
806 2045 859 2108 illo
881 2047 1031 2128 pignore,
1053 2047 1139 2128 quod
1154 2067 1251 2130 quum
1266 2067 1316 2110 re-

287 2157 387 2242 cepit,
408 2157 515 2223 furtim
537 2178 607 2222 esse
631 2157 768 2221 ablatum
792 2167 844 2220 aut
866 2166 989 2240 raptum
1013 2157 1187 2240 ignorauit,
1208 2159 1315 2220 hocin

286 2292 344 2336 sno
358 2271 534 2334 iuramento
549 2269 710 2352 implicito,
729 2277 846 2351 quanto
862 2270 902 2332 sit
918 2269 1029 2351 pignus
1043 2269 1227 2333 huiusmodi
1239 2271 1316 2333 obli-

287 2391 403 2465 gatum.
435 2382 530 2445 etsie
552 2381 742 2462 probacione
772 2379 854 2442 facta
878 2379 1072 2444 Christianus
1094 2382 1233 2444 debitum
1258 2403 1314 2464 pro

287 2513 351 2574 qno
367 2492 531 2575 obligatur,
553 2491 621 2552 sine
637 2491 847 2555 diminucione
863 2493 1032 2573 persoluat.

370 2600 415 2684 (7)
436 2603 514 2666 ltem
537 2602 564 2664 si
584 2611 638 2664 aut
655 2623 713 2682 per
736 2621 841 2664 casum
862 2603 1017 2676 incendii,
1039 2611 1092 2666 aut
1110 2623 1168 2685 per
1186 2605 1315 2680 lurtum,

287 2723 340 2780 aut
355 2735 412 2796 per
423 2715 486 2778 uim
501 2734 572 2776 snas
587 2735 638 2776 res
657 2733 727 2776 cnm
742 2711 886 2796 obligatis
900 2713 959 2777 sibi
975 2715 1157 2797 pignoribus
1169 2717 1316 2792 amiserit,

287 2837 319 2894 et
332 2825 391 2890 boo
406 2826 581 2900 confitetur,
604 2833 635 2888 et
651 2825 844 2888 Christianus
863 2827 917 2908 qui
932 2827 1085 2908 obligauit
1099 2823 1315 2890 nichilominus

286 2961 358 3002 eum
377 2938 514 3020 impetit,
541 2937 656 2999 ludens
679 2937 854 2998 iuramento
881 2937 1009 3018 proprio
1032 2937 1230 3012 absoluatur,
1259 2939 1315 3000 nisi

286 3053 401 3114 lactum
421 3049 516 3112 fuerit
529 3047 686 3112 notorium
709 3058 739 3110 et
753 3047 971 3122 manifestum,
993 3054 1026 3112 ut
1041 3057 1089 3111 cst
1102 3057 1174 3112 ante
1190 3051 1315 3115 dictum.

370 3157 416 3242 (8)
437 3159 515 3224 Item
530 3159 556 3222 si
567 3160 654 3222 ludei
670 3161 708 3221 de
720 3159 802 3222 fac-to
818 3159 899 3222 inter
912 3179 946 3222 se
959 3161 1147 3224 discordiam
1161 3164 1316 3239 mouerint

287 3281 341 3336 aut
355 3291 513 3356 guerram,
533 3271 630 3333 iudex
645 3270 778 3332 ciuitatis
793 3279 899 3334 nostre
918 3271 1116 3336 nullamsibi
1129 3275 1316 3336 iurisdictio-

287 3404 361 3446 nem
374 3382 521 3444 uendioet
536 3381 567 3442 in
590 3382 734 3455 eosdem,
755 3383 811 3447 sed
827 3403 884 3444 nos
900 3391 954 3446 aut
967 3405 1107 3447 summus
1122 3377 1230 3447 noster
1244 3405 1316 3447 can-

289 3493 435 3558 cellarius
449 3492 600 3554 iudicium
616 3493 786 3554 exercebit.
807 3493 833 3554 si
849 3499 952 3556 autem
966 3503 1071 3558 reatus
1086 3495 1187 3576 uergit
1201 3497 1234 3557 in
1248 3517 1317 3578 per·

288 3626 417 3679 sonam,
445 3603 503 3666 soli
524 3609 632 3667 'nostre
657 3625 793 3686 persone
815 3605 868 3668 bic
886 3626 976 3669 casus
992 3588 1214 3670 resernobitur
1237 3608 1316 3670 indi-

288 3719 416 3782 candus.
758 3719 761 3729 '
1077 3713 1078 3716 ’
1276 3793 1279 3797 .

371 3825 416 3908 (9)
439 3827 517 3890 Item
539 3827 566 3891 si
581 3826 774 3893 Christianus
792 3829 889 3891 ludeo
905 3829 1126 3912 qualecunque
1141 3815 1316 3894 uulnus'in·

287 3939 411 4014 dixerit,
431 3960 504 4002 reus
519 3941 610 4002 nobis
625 3941 727 4003 soluat
741 3961 855 4022 penam
870 3923 1315 4007 secundumconsuetudinem

286 4051 393 4135 regni,
419 4049 586 4114 uulnerato
612 4051 780 4114 duodecim
804 4071 926 4120 marcas
951 4053 1073 4136 argenti
1098 4061 1130 4117 et
1153 4073 1315 4138 expensas,

288 4183 365 4248 quas
380 4181 438 4244 pro
454 4160 567 4224 suimet
581 4162 748 4225 curacione
765 4161 950 4246 expenderit
964 4145 1132 4230 medicine.

371 4269 440 4359 (10)
462 4273 541 4336 ltcm
560 4272 587 4337 si
607 4272 802 4340 Christianus
824 4275 957 4339 ludeum
984 4262 1196 4352 interemerit,
1222 4277 1314 4364 digno
