2924 4758
270 353 331 418 302
372 371 397 418 s.
409 369 562 418 ιιιιιιιιιι
576 370 665 418 neers
685 371 726 418 oe
747 373 855 418 ιιοιιιιι
874 372 1090 418 rnsrrrurroror
1111 373 1213 419 ιιιιιι.
1238 352 1297 439 (ιι.)

269 526 329 588 nisi
348 523 402 608 qui
421 525 561 608 legitime
582 525 758 588 certauerit.
786 532 821 588 ut
841 532 964 608 patrem
982 525 1076 589 deum
1099 525 1296 608 omnipoten-

268 644 332 700 tem
347 637 499 699 factorem
513 637 613 698 tocius
631 635 768 710 facture,
790 643 821 698 et
833 635 1028 718 unigenitum
1044 635 1111 698 eius
1125 635 1225 699 lilium
1240 639 1297 699 do-

269 748 387 809 minum
402 755 543 810 nostrum
558 748 662 810 lesum
677 745 850 820 Christum,
872 747 912 808 de
926 746 1025 808 Maria
1043 747 1166 829 uirgine
1181 748 1296 830 angelo

268 857 439 920 nunciante
460 865 584 930 uatum,
619 876 655 918 ec
679 877 737 940 pro
761 856 859 920 tocius
883 857 991 918 mundi
1016 857 1116 920 salute
1139 857 1171 918 in
1194 859 1295 920 crucis

268 968 408 1050 patibulo
428 988 572 1050 passum,
597 975 629 1032 et
649 967 793 1049 spiritum
811 976 950 1030 sanctum
970 967 1024 1049 qui
1046 987 1104 1050 per
1126 969 1295 1049 prophetas

270 1088 302 1143 et
325 1078 533 1162 euangelistas
560 1084 591 1142 ct
615 1079 773 1161 apostolos
796 1078 918 1142 locutus
939 1089 1001 1154 est,
1030 1099 1126 1142 uuam
1149 1081 1295 1144 deitatem

268 1189 457 1272 perfectam,
478 1189 745 1264 indissolubilem,
771 1189 1047 1254 incontaminatam
1069 1211 1139 1253 esse
1164 1190 1296 1252 tirmiter

270 1303 394 1376 credas,
416 1310 447 1365 et
461 1303 528 1364 sine
545 1303 628 1365 omni
643 1303 845 1384 ambiguitate
866 1310 986 1366 teneas.
1014 1303 1074 1365 hec
1090 1310 1138 1366 est
1151 1301 1229 1364 fides
1245 1323 1295 1364 ca-

268 1415 399 1488 tholica,
421 1435 515 1496 quam
535 1414 617 1477 sicut
630 1414 819 1477 Athanasius
841 1414 918 1476 dixit
938 1413 998 1476 nisi
1012 1413 1082 1496 quis
1095 1414 1231 1476 fideliter
1242 1415 1296 1476 tir·

268 1525 424 1608 miterque
439 1524 626 1598 crediderit,
647 1526 751 1588 saluus
768 1545 916 1588 essenon
933 1523 1056 1606 poterit.
1087 1525 1112 1587 si
1127 1525 1295 1618 aliquando

268 1637 349 1700 infra
363 1645 448 1700 tuam
462 1636 607 1700 inuenies
621 1638 815 1718 potenciam,
836 1637 922 1717 quod
937 1637 1031 1710 absit,
1053 1637 1107 1717 qui
1127 1637 1209 1712 hanc
1231 1636 1296 1698 col-

267 1749 423 1812 lacionem
446 1756 554 1810 sancte
576 1747 723 1810 trinitatis
744 1747 904 1822 diuidere,
924 1749 977 1810 uel
996 1749 1139 1810 minuere
1157 1748 1225 1810 siue
1241 1767 1296 1809 au-

268 1879 343 1942 gere
366 1869 533 1934 conantur,
560 1860 618 1922 hos
638 1861 722 1940 ipsos
748 1862 828 1922 scias
850 1868 935 1922 certe
956 1860 1157 1922 heresiarche
1186 1879 1295 1922 seruos

269 1979 300 2033 et
326 1990 391 2033 non
412 1979 519 2035 sancte
541 1969 675 2034 ecclesie
693 1971 786 2034 lilios.
818 1971 896 2034 tales
916 1991 995 2033 uero
1017 1991 1076 2034 nec
1097 1971 1215 2035 nutrias
1236 1989 1296 2032 nec

269 2082 430 2158 delendas,
451 2103 493 2146 ne
508 2084 607 2146 eciam
623 2083 766 2148 iuimicus
782 2085 833 2146 dei
848 2083 997 2146 uidearis.
1018 2083 1196 2146 huiusmodi
1212 2081 1295 2145 enim

267 2194 328 2256 uiri
343 2203 450 2257 sancte
469 2193 544 2257 fidei
562 2193 642 2258 filios
668 2194 796 2256 omnino
811 2195 947 2256 reddunt
968 2193 1138 2267 morbidos,
1161 2200 1192 2256 et
1205 2194 1295 2256 istam

265 2305 425 2367 nouellam
449 2313 557 2368 sancte
579 2305 711 2368 ecclesie
733 2305 859 2386 plebem
882 2303 1100 2368 miserabiliter
1122 2305 1295 2368 destruunt.

265 2413 327 2476 hoc
342 2435 382 2476 ue
397 2414 468 2489 fiat,
487 2415 702 2496 principaliter
716 2435 801 2478 cura.

349 2631 530 2728 Cremonen
552 2639 588 2699 ll.
624 2639 668 2699 De
682 2639 853 2702 continendo
869 2641 1055 2703 ecclesiastico
1068 2651 1158 2702 stota.
1194 2641 1229 2700 ln
1243 2660 1295 2701 re-

265 2747 328 2832 gali
349 2747 476 2830 quidem
499 2749 620 2830 palacio
644 2725 715 2830 post
737 2748 831 2811 fidem
858 2749 1000 2814 ecclesia
1012 2719 1186 2814 secundum
1207 2758 1294 2814 tenet

264 2859 385 2934 locum,
407 2859 541 2941 acepite
557 2867 665 2920 nostro
681 2837 798 2922 scilicet
812 2859 935 2924 Christo
960 2861 1117 2946 primitus
1123 2861 1293 2933 seminata,

265 2971 380 3034 deinde
405 2991 460 3052 per
475 2971 542 3055 eius
560 2949 716 3044 membra,
738 2979 846 3050 utpote
869 2971 1028 3058 apostolos
1052 2980 1176 3034 sanctos
1194 2983 1224 3034 et
1239 2991 1294 3052 pa·

263 3089 327 3143 tres
350 3080 576 3162 transplantata
601 3087 632 3141 et
653 3079 784 3142 firmitus
807 3081 969 3156 edificata,
999 3089 1091 3163 atque
1117 3089 1293 3162 certorum

265 3193 372 3254 orbern
396 3191 518 3254 ditl'usa.
547 3199 578 3253 et
592 3192 736 3271 quamuis
752 3211 876 3272 semper
898 3212 1012 3255 nouam
1028 3193 1143 3254 habeat
1157 3191 1292 3294 prolem,

263 3301 296 3362 in
321 3301 431 3364 ceteris
453 3309 557 3364 tamen
579 3299 657 3362 locis
678 3300 768 3384 quasi
790 3304 915 3383 antiqua
938 3281 1082 3375 hahetur,
1111 3301 1163 3362 hic
1179 3311 1232 3363 aut
1247 3301 1292 3361 fili

264 3411 423 3474 carissime
445 3410 478 3472 in
500 3419 606 3475 nostre
629 3412 812 3476 monarchia
826 3413 928 3474 adhuc
944 3411 1043 3495 quasi
1050 3413 1182 3474 iuuenis
1190 3421 1220 3474 et
1234 3431 1292 3474 no-

263 3521 348 3586 uella
362 3522 551 3602 predicatur.
573 3529 665 3604 atque
682 3521 798 3584 idcirco
811 3522 1005 3583 cauciorihus
1022 3522 1293 3585 euidencioribus-

264 3651 325 3712 quc
338 3639 408 3712 eget
423 3633 615 3706 custodibus,
635 3652 675 3693 ne
689 3633 807 3693 honum
823 3631 909 3714 quod
924 3613 1031 3716 diuina
1050 3631 1221 3712 clemencia
1235 3650 1291 3712 per
1343 3689 1344 3692 ,

261 3763 351 3806 suam
371 3743 556 3828 immensam
577 3743 823 3809 misericordiam
844 3743 933 3804 nohis
949 3743 1104 3805 concessit
1117 3743 1290 3815 immeritis,

261 3873 320 3934 per
333 3862 417 3916 tuam
425 3853 586 3918 desidiam
601 3861 633 3918 et
648 3853 809 3946 pigriciam
824 3861 855 3916 et
869 3852 1096 3944 negligenciam
1112 3855 1291 3916 destruatur

263 3971 294 4028 ct
308 3963 526 4034 annichiletur.
555 3984 628 4027 nam
643 3965 698 4046 qui
712 3964 823 4026 minuit
837 3971 889 4026 aut
906 3965 1029 4028 ledats.
1041 3964 1174 4028 ecclesie
1189 3963 1291 4048 digni-

260 4081 372 4148 tatem,
387 4072 439 4136 ille
455 4073 568 4138 Christi
583 4093 698 4156 corpus
713 4073 854 4150 mutilare
869 4074 986 4138 nititur.
1008 4076 1075 4158 ipse
1091 4075 1174 4138 euim
1189 4073 1291 4136 domi·

262 4205 320 4249 nus
335 4186 413 4250 dixit
425 4188 536 4262 Petro,
554 4206 653 4276 'quem
667 4186 830 4258 custodem
849 4186 1094 4282 magistrumque
1110 4187 1214 4250 eidem
1231 4203 1290 4267 po·
