2924 4758
248 427 273 472 s.
285 423 439 472 srnrnrnr
452 419 543 470 neers
557 423 598 470 on
612 419 721 472 nnana
736 417 951 470 rrsrrrcrroaa
966 421 1067 470 nmen.
1082 399 1141 490 lc.)
1182 401 1243 470 305

203 586 266 641 tna
286 575 454 640 dilectione
478 573 630 658 angulati,
653 595 778 658 semper
797 574 886 658 regni
910 573 1050 659 dignitati
1071 575 1243 641 adhereant

200 689 373 763 inoffensi,
393 697 429 752 ut
441 694 529 749 tuum
543 707 678 780 regpum
692 687 731 750 sit
748 705 871 768 semper
887 683 1058 768 pacificum.

297 909 477 972 Carrrunuu
492 905 529 970 V.
564 909 609 970 Dc
624 909 826 970 obaeruccioce
839 909 943 970 iudicii
957 919 982 970 et
995 893 1152 990 paciencia.
1185 909 1245 971 Pa-

206 1021 337 1109 ciencie¹
349 1029 381 1084 et
395 1019 502 1082 iudicii
517 1019 701 1082 obsernacio
717 1017 823 1101 quinta
845 1019 958 1102 regalis
974 1039 1089 1082 corone
1105 1018 1243 1082 ornacio.

204 1132 312 1196 Dauid
334 1151 390 1194 rex
412 1139 506 1213 atque
525 1131 680 1213 propheta
699 1129 789 1192 dicit:
812 1131 889 1192 deus
911 1130 1060 1192 iudicium
1076 1139 1162 1194 tuum
1177 1130 1245 1211 regi

208 1245 264 1306 da.¹
286 1252 317 1306 et
332 1243 421 1306 alibi:
443 1237 545 1304 honor
559 1239 643 1325 regis
658 1241 807 1302 indicium
822 1249 909 1302 tuum
925 1239 1034 1323 diligit.
1063 1241 1102 1302 dc
1119 1240 1245 1322 pacien-

209 1355 262 1417 cia
273 1355 386 1418 Paulus
403 1351 563 1434 apostolus
578 1351 634 1413 ait:
656 1352 817 1434 pacientes
833 1359 932 1414 estote
948 1352 988 1412 ad
1003 1371 1122 1414 omnes.
1144 1359 1177 1414 et
1188 1353 1245 1414 do-

209 1466 316 1527 minus
331 1463 364 1526 in
376 1463 558 1548 euangelio:
573 1462 605 1524 in
619 1461 782 1543 paciencia
793 1472 899 1524 uestra
914 1462 1112 1544 possidebitis
1125 1464 1244 1526 animas
1257 1521 1259 1527 .

211 1585 350 1639 uestras.
375 1575 436 1636 hoc
458 1575 583 1638 attende
604 1571 664 1634 fili:
694 1574 720 1636 si
746 1575 793 1636 uis
818 1573 938 1636 hahere
961 1573 1115 1636 honorem
1136 1575 1243 1656 regni,

214 1688 310 1769 dilige
331 1686 491 1750 iudicium.
524 1687 549 1748 si
571 1685 706 1747 animam
730 1694 814 1748 tuam
834 1687 997 1768 possidere
1017 1687 1077 1760 uis,
1098 1696 1165 1749 esto
1189 1707 1237 1767 pa«

214 1798 312 1860 ciens.
344 1797 611 1878 quociescumque
635 1793 679 1856 lili
700 1797 858 1858 carissime
881 1816 976 1858 causa
995 1796 1127 1858 iudicari
1149 1795 1244 1878 digna

214 1910 256 1972 ad
271 1915 301 1970 te
317 1908 456 1980 uenerit,
471 1907 523 1970 uel
538 1907 650 1990 aliquis
665 1907 806 1988 capitalis
823 1908 983 1970 sentencie
998 1929 1085 1981 reus,
1107 1907 1171 1970 noli
1185 1908 1243 1972 im·

212 2017 373 2100 pacienter
387 2027 528 2100 portare,
549 2017 600 2080 uel
616 2038 686 2078 cum
701 2016 876 2080 iuramento
891 2017 1014 2080 firmare
1029 2018 1116 2080 illum
1130 2018 1243 2100 punire

213 2131 355 2211 -quod
376 2129 520 2191 instabile
545 2135 577 2190 et
596 2128 706 2209 fragile
731 2128 825 2190 debet
848 2148 933 2202 esse,
959 2128 1033 2208 quia
1054 2127 1148 2193 stulta
1169 2138 1244 2192 uota

212 2239 390 2320 frangenda
404 2247 489 2312 sunt,
504 2271 545 2284 —
558 2237 611 2300 uel
625 2247 728 2320 perte
744 2239 848 2320 ipsum
863 2238 1049 2312 diiudicare,
1070 2259 1110 2302 nc
1126 2247 1179 2300 tua
1191 2232 1243 2303 re·

213 2348 293 2430 galis
315 2347 448 2430 dignitas
470 2347 625 2410 inferioris
647 2348 770 2431 negocii
794 2350 1003 2429 usnrpacione
1025 2347 1164 2424 sedatur,
1186 2351 1243 2412 sed

214 2462 324 2542 pocius
342 2461 522 2522 huiusmodi
543 2460 710 2542 negocium
734 2461 774 2522 ad
793 2460 913 2522 iudices
927 2459 1032 2536 mitte,
1054 2461 1167 2544 quihus
1181 2461 1243 2526 hoc

214 2571 416 2638 commissum
441 2580 502 2655 est,
528 2591 591 2652 quo
613 2569 658 2631 illi
681 2571 855 2632 secundum
875 2591 964 2634 suam
987 2572 1049 2633 hoc
1073 2573 1244 2635 decernant

213 2681 327 2764 legem.
358 2683 432 2744 time
448 2703 518 2744 esse
533 2683 628 2744 iudex
636 2726 645 2756 ,
669 2681 769 2764 gaude
784 2701 860 2743 uere
875 2702 931 2743 rex
948 2701 1017 2745 esse
1033 2691 1065 2744 et
1079 2683 1242 2746 nominari.

214 2813 308 2878 reges
329 2813 406 2857 uero
428 2791 589 2874 pacientes
610 2801 758 2873 regnant,
780 2791 983 2874 impacientes
1004 2801 1109 2856 autem
1128 2796 1244 2876 tyrani-

215 2915 296 2968 sant.
318 2905 442 2987 quando
456 2905 585 2986 quidem
601 2904 719 2984 aliquid
732 2906 817 2986 quod
832 2918 885 2966 tue
900 2881 1048 2967 conuenit
1062 2905 1245 2966 adiudican-

215 3015 289 3076 dum
313 3013 455 3095 dignitati
477 3013 533 3075 tibi
554 3015 691 3087 uenerit,
712 3033 783 3075 cum
804 3013 964 3094 paciencia
978 3019 1010 3075 et
1028 3014 1244 3078 misericordia

214 3127 283 3187 siue
303 3125 481 3186 miserando
503 3125 565 3186 hoc
586 3125 707 3198 iudica,
729 3137 762 3189 ut
777 3133 828 3187 tua
843 3144 959 3186 corona
980 3123 1144 3188 laudabilis
1159 3125 1198 3188 sit
1212 3133 1244 3188 et

215 3236 341 3298 decora.

299 3457 479 3518 Crrrrunun
492 3457 543 3519 VI.
581 3458 623 3518 De
637 3461 765 3520 tensione
779 3470 803 3519 ct
817 3461 992 3520 nutrimento
1006 3460 1162 3540 hospitum.
1205 3459 1242 3520 ln

213 3567 389 3650 hospitibus
412 3575 444 3629 et
465 3567 610 3630 uentieiis
631 3569 707 3632 uiris
729 3577 814 3630 tanta
836 3571 916 3632 inest
937 3557 1071 3643 utilitas,
1092 3576 1126 3630 ut
1147 3569 1241 3650 digne

118 3725 121 3732 .
214 3688 304 3744 serto
330 3681 364 3742 in
386 3679 456 3740 loco
478 3680 591 3762 regalis
614 3679 773 3762 dignitatis
793 3681 893 3762 possit
917 3679 1037 3741 lraberi.
1065 3681 1138 3743 inde
1157 3681 1241 3742 enim
1317 3743 1322 3750 ,

214 3787 367 3870 imprimis
390 3809 556 3851 romanum
581 3791 679 3852 creuit
701 3781 883 3872 imperium,
917 3797 946 3852 et
970 3811 1063 3872 reges
1086 3789 1241 3854 sublimati

213 3899 342 3962 inerunt
360 3909 391 3962 et
409 3900 549 3982 gloriosi,
572 3901 658 3984 quod
678 3900 766 3962 multi
787 3901 908 3964 nobiles
924 3909 959 3987 et
968 3904 1125 3984 sapientes
1141 3923 1180 3964 ex
1195 3903 1242 3963 di-

213 4009 315 4072 uersis
338 4010 393 4072 illo
415 4011 614 4090 continebant
637 4012 784 4092 partibus.
812 4014 912 4075 Roma
931 4031 1009 4074 uero
1024 4033 1125 4094 usque
1145 4009 1240 4073 hodie

214 4129 299 4184 esset
320 4121 449 4196 ancilla,
476 4121 537 4184 nisi
551 4123 696 4186 Eneades
720 4124 870 4204 fecissent
887 4123 972 4185 illam
993 4124 1134 4186 liberam.
1161 4121 1242 4184 sicut

214 4231 298 4297 enim
318 4253 358 4296 ex
379 4234 512 4298 diuersis
532 4235 674 4322 partibus
696 4243 727 4299 et
747 4235 917 4320 prouinciis
939 4235 1070 4325 ueniunt
1089 4231 1241 4321 hospites,
