3048 4760
422 387 552 460 erinium
573 405 730 470 insinuans
751 405 927 464 murmuret.
955 403 1061 466 ml·
1203 395 1266 470 ild
1415 401 1418 412 “

237 573 350 632 musto.
378 566 403 632 li
424 585 503 630 uero
524 575 648 650 tempus
670 568 752 634 noui
767 569 833 638 uini
855 570 922 634 siue
943 571 1036 636 musti
1056 573 1090 636 ln
1107 571 1263 657 exigendo

236 679 430 753 distulerint,
451 678 657 742 extimucio
632 699 700 742 saue
715 679 858 761 precium
872 681 1011 746 soluatur
1025 703 1080 765 pro
1093 692 1208 746 musto.

255 789 387 872 (99)
403 793 488 854 llum
499 789 700 874 priuilegium
710 779 798 874 quod
808 804 880 854 ιιιιιι
889 792 978 856 Bulla
991 811 1087 860 aurea
1097 796 1265 900 consigna

234 911 300 968 tum
312 903 427 978 luerit,
448 889 466 966 a
481 902 669 966 cancellario
683 904 796 966 decem
815 903 928 968 marcis
943 907 1066 988 'argenti
1081 908 1193 970 redimi
1208 893 1265 972 de-

127 1105 129 1110 ·
233 1017 323 1090 beat,
343 1021 397 1077 aut
418 1030 526 1076 marca
546 1014 625 1076 auri.
653 1013 694 1076 si
692 1031 777 1077 uero
797 1015 857 1088 suls
879 1017 1029 1098 pendenti
1050 1017 1152 1100 sigillo
1168 1024 1263 1084 cereo
1294 1078 1297 1084 ,

233 1127 344 1202 luerit,
366 1148 385 1192 a
406 1113 670 1190 uieecuncellario
687 1133 793 1190 marea
814 1125 949 1209 argenti,
971 1134 1003 1191 et
1019 1147 1041 1191 a
1061 1115 1186 1238 noterio
1198 1129 1264 1225 ier·

232 1238 504 1304 tonerediinalur.
1172 1291 1174 1296 ,

316 1345 383 1431 (93)
403 1337 576 1411 itemst...
598 1366 642 1422 es,
673 1335 1034 1453 ιιι)..ζ..ι1ιιο)ιοιιι1
1056 1394 1208 1415 .......
1231 1357 1263 1422 et

233 1459 355 1524 dedi.
371 1476 491 1524 .unum
510 1460 635 1541 pondus
650 1504 658 1521 .
674 1503 682 1522 .
698 1503 707 1522 .
721 1503 731 1523 .
746 1495 777 1522 ,ι
793 1503 919 1524 ......
934 1446 1154 1526 uidelicet...

273 1567 380 1652 (9ῐι)
395 1615 403 1632 .
419 1615 427 1632 .
443 1615 451 1634 .
467 1615 475 1633 .
491 1601 521 1634 ι.
537 1570 757 1648 iudicabimus,
771 1573 883 1638 ordine
896 1565 1061 1638 iudiciarlo
1076 1592 1192 1640 causas
1200 1560 1262 1639 liu-

231 1682 376 1764 gancium
389 1692 626 1765 cognoscentes.

313 1779 379 1874 (95)
400 1793 478 1856 llum
498 1794 531 1855 in
552 1793 693 1877 quolibet
712 1814 796 1858 anno
817 1795 916 1860 semel
937 1815 1046 1860 omnes
1068 1787 1204 1862 barones
1228 1805 1261 1862 et

185 1897 187 1902 ’
230 1887 354 1968 nobiles
378 1904 470 1987 regni
491 1889 591 1968 nostri
614 1905 726 1968 Albam
752 1909 793 1970 ad
818 1910 1100 1990 congregacionem
1126 1909 1261 1974 debeant

231 2016 400 2082 conuenire
416 2060 424 2077 .
439 2060 472 2078 ..
494 2017 533 2080 de
544 2023 630 2097 statu
645 2015 744 2100 regni.
767 2025 798 2082 et
810 2017 1005 2100 inquirentes
1015 2019 1056 2082 de
1066 2009 1157 2082 lactis
1167 2006 1261 2082 baro·

231 2147 304 2190 num
313 2166 327 2202 ,‹
344 2125 480 2209 qualiter
494 2125 624 2209 quilibet
637 2128 779 2210 ipsorum
794 2127 828 2189 in
842 2127 907 2191 suls
922 2126 1119 2191 comitatibus
1133 2131 1261 2212 proces·

230 2240 329 2304 serint
344 2247 375 2302 et
390 2239 649 2302 conseruauerint
671 2239 739 2303 iura
760 2239 862 2321 regni.
888 2247 919 2302 et
933 2241 1108 2302 secundum
1122 2219 1179 2304 sua
1193 2257 1260 2304 me·

229 2353 288 2416 rita
302 2353 437 2434 premia,
459 2359 490 2415 et
504 2351 658 2416 demerita
678 2352 731 2414 uel
746 2349 913 2414 commissa
932 2349 1102 2432 supplicia,
1123 2353 1193 2434 ipso
1208 2351 1259 2416 nie

229 2463 403 2526 secundum
424 2461 746 2538 iudiciumnnstrum,
769 2469 800 2526 et
815 2461 1258 2527 consiliariorumnostrorum

228 2575 398 2657 recepturi.
438 2613 445 2620 -

312 2683 378 2769 (96)
398 2687 478 2750 Item
502 2685 732 2761 concessimus,
763 2686 849 2769 quod
873 2687 900 2749 si
920 2687 999 2770 quis·
1015 2687 1166 2751 nobilium
1191 2687 1258 2750 siue

229 2801 388 2864 Saxonum
402 2797 655 2880 predictorum
629 2815 697 2860 srne
711 2795 830 2861 herede
846 2797 1027 2872 decesserit,
1040 2797 1259 2880 possessiones

227 2911 273 2974 sic
288 2907 470 2972 decedentis
490 2906 695 2982 hereditarie,
718 2908 841 2970 curticle
858 2906 1002 2970 eteniam
1017 2907 1166 2990 aquisite,
1188 2908 1259 3006 nul

226 3001 350 3085 latenas
365 3021 503 3084 debeant
516 3018 691 3082 confiscari.
718 3019 775 3081 sed
796 3019 881 3081 idem
895 3018 1053 3081 decedens
1072 3017 1258 3100 propinquis

228 3132 303 3208 siris,
325 3113 379 3196 aul
394 3129 488 3194 alieni
503 3130 769 3212 propinquorum,
782 3147 839 3193 seu
853 3129 962 3204 uxori,
976 3129 1028 3192 uel
1043 3129 1142 3192 eciam
1158 3128 1258 3192 eccle·

227 3245 281 3308 siis
295 3264 354 3327 pro
368 3242 509 3310 remedio
524 3243 627 3306 anime
636 3233 698 3306 'sne
713 3241 819 3326 legare
833 3241 867 3303 ln
881 3249 999 3316 morte,
1021 3247 1051 3306 et
1065 3241 1209 3330 conferre
1223 3240 1257 3304 lll

226 3354 292 3418 ulta
306 3355 482 3438 cuicunque
497 3353 633 3418 uoluerit
646 3353 779 3417 liberam
792 3351 907 3418 habeat
918 3333 1111 3416 lacultatem.

302 3465 374 3549 (97)
394 3447 473 3529 ltem
488 3465 514 3529 si
529 3466 583 3549 qui
598 3465 720 3528 nobiles
743 3473 797 3528 aut
810 3463 861 3527 alii
875 3469 1065 3528 nocumenta
1084 3464 1254 3541 intulerint,

224 3578 252 3641 'si
275 3578 447 3642 clemencia
475 3575 562 3660 regia
582 3577 728 3659 personis
753 3589 864 3641 eorum
884 3597 1016 3660 parcere
1033 3585 1181 3670 oporteat
1199 3576 1253 3645 uel

224 3689 410 3765 debeamus,
431 3685 669 3773 querulantibus
682 3693 790 3753 tamen
803 3688 959 3752 iusticiam
974 3689 1187 3753 omnimodam
1205 3689 1254 3752 fa-

226 3799 355 3866 olemus.

304 3911 373 3996 (98)
393 3915 472 3978 Item
494 3913 612 3997 siquis
633 3911 872 3979 malefactorum
892 3930 998 3976 coram
1020 3911 1125 4008 aliquo
1147 3911 1251 3976 indice

223 4027 387 4092 conuictus
415 4025 604 4111 aullugerit,
639 4023 853 4090 nullatenus'
843 4043 949 4108 ipsum
975 4023 1164 4105 recipiemus
1191 4025 1252 4088 net

221 4139 320 4204 eciam
344 4139 556 4205 defensamus.
584 4144 619 4236 et
636 4135 781 4202 similiter
794 4157 854 4232 per
865 4137 1002 4208 lenones
1022 4134 1170 4202 nolumus
1190 4139 1250 4202 net

221 4253 383 4347 paciemur
398 4229 566 4328 defensuri,
