3048 4760
280 403 343 484 02⁶,
382 421 512 484 tim*
525 422 571 468 nt
588 370 1308 482 mmmrmgornmunnesos.1go1‚
1413 435 1418 442 .

364 576 446 652 (15)
464 575 500 649 Si
512 575 569 657 qui
588 582 693 654 autera
710 575 744 638 in
761 574 874 642 eadem
889 571 1178 640 emteu'rnttere
1197 571 1310 643 uolue-

280 688 359 762 rint,
377 687 477 753 autin
490 685 647 760 suburbiis
661 686 797 752 ciuitatis
811 695 1035 768 permaneant,
1054 692 1088 748 et
1100 684 1310 750 frnanturea-

281 800 353 876 dem
375 799 535 873 libertate,
556 798 642 880 qunti
661 797 747 860 ciues
766 798 807 860 de
821 797 935 862 eadem
949 795 1075 870 eunte
1096 795 1310 878 pertruuntur.

281 911 340 989 sed
359 910 455 992 siqui
474 909 508 972 in
522 909 634 974 eadem
649 908 776 972 nuimte
792 908 979 982 residentes,
997 907 1032 970 in
1050 908 1253 988 pertinenciis
1267 909 1311 972 ci-

282 1022 388 1100 uitatis
407 1021 497 1084 sede
515 1021 659 1085 libertate
674 1021 790 1082 ciuium
810 1027 990 1084 nostrorum
1009 1019 1224 1100 predictorum
1237 1039 1311 1101 pre-

282 1139 370 1195 textu
388 1131 516 1194 seruicii
535 1130 589 1196 uel
609 1131 781 1194 occasionis
802 1130 929 1192 atterius
950 1128 1082 1204 alicuius
1097 1129 1238 1200 eximere
1257 1130 1312 1194 uel

282 1241 444 1317 retrahere
466 1243 636 1318 noluerint,
657 1241 754 1304 iudex
773 1249 806 1304 et
825 1241 918 1304 iurati
938 1259 977 1304 ac
996 1241 1084 1306 ciues
1104 1241 1190 1322 ipsos
1202 1241 1312 1303 exclu-

283 1356 380 1434 nendi
400 1355 538 1421 habeant
557 1354 754 1430 tantitatem,
774 1361 882 1436 preter
896 1353 1066 1416 canonicos
1084 1361 1116 1416 et
1129 1354 1310 1428 sacerdotes

282 1467 317 1535 in
329 1467 397 1550 ipsa
411 1469 538 1532 ciuitate
553 1467 733 1530 existentes.
1087 1528 1091 1539 ‚

366 1581 449 1656 (16)
471 1581 549 1644 Item
563 1579 737 1662 piscatores
751 1576 1037 1643 sustentabunt
1048 1575 1235 1650 libertatem,
1247 1595 1311 1658 qua

285 1699 317 1754 et
330 1689 474 1772 primitus
495 1699 568 1752 sunt
584 1689 700 1771 ganisi,
721 1688 765 1750 ita
784 1688 950 1761 uidelicet,
971 1687 1057 1769 quod
1072 1688 1112 1750 de
1126 1687 1224 1770 captis
1238 1707 1312 1759 uso·

284 1801 377 1873 uibus
391 1809 424 1864 et
437 1801 573 1882 piscibus
591 1801 650 1864 sub
663 1799 762 1882 glacie
775 1797 1025 1880 comprehensis,
1046 1806 1078 1862 et
1092 1798 1158 1862 eliis
1175 1798 1312 1880 piscibus

285 1911 384 1992 ceptis
397 1911 431 1976 in
443 1911 502 1974 reti
517 1911 603 1994 quod
619 1909 816 1990 protenditur
829 1910 863 1970 in
877 1909 1085 1990 protundum,
1098 1910 1229 1980 terciam
1239 1927 1313 1992 par·

283 2019 349 2088 tem
363 2021 467 2092 comiti
478 2021 663 2092 Posoniensi
677 2019 861 2103 persoluent
875 2021 1049 2102 piscatores
1063 2021 1096 2084 in
1107 2021 1221 2094 eadem
1233 2019 1313 2084 ciui·

281 2141 347 2200 tate
362 2132 533 2199 constituti.
553 2131 757 2207 nihilomiuus
770 2131 870 2206 iidem
881 2131 1055 2213 piscatores
1070 2129 1186 2214 sinerii
1201 2139 1233 2204 et
1244 2131 1314 2204 uni-

284 2245 370 2308 uersi
391 2266 462 2310 cum
484 2245 605 2308 ciuibus
625 2243 871 2322 Posoniensibus
896 2244 937 2314 in,
953 2243 1021 2314 aliis
1044 2243 1261 2314 exactionibus
1281 2251 1314 2316 et

283 2357 478 2424 libertatibus
500 2357 755 2438 congaudebunt
1162 2333 1164 2338 ’

369 2469 449 2543 (17)
471 2468 549 2534 item
562 2485 622 2536 nec
637 2487 694 2548 per
703 2486 772 2540 uos,
786 2487 846 2534 nec
860 2467 1062 2549 perbarones
1076 2473 1313 2548 nestrossuper

285 2577 371 2660 ipsos
384 2578 525 2660 hospites
546 2587 670 2646 nostros
685 2579 725 2648 de
739 2579 886 2652 Perosis,
906 2597 966 2642 nec
980 2591 1078 2660 super
1089 2579 1133 2650 ed
1147 2579 1313 2659 eospcrti3

285 2698 396 2754 nentes
411 2691 598 2761 descensum
617 2691 766 2758 uolumus
776 2690 844 2755 fieri
858 2691 1042 2763 uiolentum.
1115 2745 1118 2750 ,

368 2801 447 2878 (18)
468 2803 547 2872 Item
563 2802 714 2868 uolumus
730 2801 924 2886 qoodiidem
944 2801 1086 2883 hospites
1105 2802 1208 2872 nostri
1227 2802 1314 2866 etad

284 2933 341 2982 eos
365 2913 564 2996 pertinentes
583 2914 703 2981 iudicio
723 2912 912 2997 palatinatus
935 2912 970 2974 in
993 2912 1078 2985 nullo
1100 2920 1203 2984 estere
1226 2919 1314 2977 tene·

283 3035 388 3108 entur.
441 3111 447 3119 ⁸
705 3091 710 3100 .
901 3039 905 3097 ἰ
1029 3113 1031 3115 ¹

368 3139 450 3216 (19)
472 3139 550 3200 Item
565 3137 777 3212 concessimus
793 3137 879 3220 quod
898 3149 1009 3206 omnes
1026 3143 1222 3203 mercatores
1237 3155 1314 3218 pan:

286 3268 415 3322 norum,
435 3248 548 3322 boum,
568 3247 719 3332 piscium,
742 3248 787 3316 de,
796 3245 1037 3330 quibuscunque
1050 3245 1223 3326 reguisuel
1236 3245 1313 3316 locis

286 3358 327 3438 ud
340 3359 443 3440 ipsam
459 3357 617 3433 ciuitatem
631 3357 806 3431 uenientes,
827 3357 1065 3432 descendentia
1079 3356 1193 3431 eadem
1199 3402 1220 3442 ,1,
1232 3375 1315 3419 mer-

283 3468 422 3548 mmonis
441 3487 497 3544 sua
511 3466 609 3534 libere
624 3474 657 3538 et
669 3486 782 3543 secure
796 3467 976 3544 uendicioni
991 3467 1189 3550 exponendo.
1250 3495 1269 3534 ,-

367 3579 408 3652 Et
420 3578 479 3642 hec
489 3577 593 3648 omnin
605 3585 733 3660 propter
743 3577 1119 3660 augmentum‘bospitunu
1134 3584 1315 3670 nostrorum

283 3689 508 3774 predictorum,
520 3687 771 3757 etmunicionem
781 3689 879 3771 ipsius
889 3689 1023 3760 ciuitatis
1034 3687 1315 3774 nostrc‚,de‚gracia

285 3800 500 3880 copiosissimus
520 3799 658 3882 speciali.
685 3801 819 3865 incurius
836 3801 886 3865 rei
908 3799 1092 3874 memoriam
1113 3807 1316 3895 perpeteam-

286 3931 348 3994 que
360 3910 537 3988 firmitatem
547 3920 711 3993 presentes
721 3913 934 3986 consuimus
943 3913 1060 3988 literne,
1074 3912 1209 3996 duplicis
1222 3911 1317 3994 sigilii

283 4024 390 4104 nostri*
402 4022 582 4098 munimine.
594 4025 767 4095 roboratas.
780 4079 782 4084 .
794 4026 903 4096 datum
914 4045 972 4107 per
986 4043 1097 4096 menos
1112 4024 1238 4094 disereti
1253 4024 1316 4092 uiri

284 4135 427 4222 magistri
442 4135 602 4205 Theodori
620 4137 778 4222 prepositi·
794 4137 928 4210 ecclesie
936 4137 1096 4214 *bibentis
1117 4136 1315 4203 sue-nostre
