2924 4758
257 383 318 445 33⁰
513 396 804 446 surrecturam
825 399 993 446 »nummu
1014 399 1035 446 ι.

284 537 286 541 ’
341 548 409 633 (hh)
429 553 475 615 De
488 555 724 633 ritsqeailium.
746 552 1017 634 Qsdcumqueritu
1030 553 1291 634 gaobbumluxts

258 670 370 746 puteos
385 661 626 738 sacrificancrit,
641 663 697 726 uel·
708 663 749 726 ad
763 664 894 726 arbores
909 671 941 726 et
954 663 994 726 sd
1009 664 1112 730 uncas
1126 673 1158 730 et
1169 663 1297 748 lapides·

259 774 440 839 oblaciones
460 775 625 849 obtulerit,
646 784 768 838 reatum
785 793 876 838 snum
890 765 974 839 boue
989 775 1064 840 luat.

345 884 412 968 (23)
435 887 479 948 lic
493 887 657 949 domcioas
668 890 861 968 propriorem
879 907 979 950 rerum
991 889 1082 950 alicui
1095 891 1216 952 molaris.
1259 889 1293 952 st

259 999 332 1082 quis
353 1019 403 1064 res
426 1019 499 1062 suas
520 1007 574 1062 aut
595 999 703 1082 predia
718 999 772 1060 uni
789 999 912 1062 dederit
927 999 1075 1074 ecclesie,
1097 1001 1182 1064 nulla
1196 1001 1295 1066 inter-¹

260 1110 411 1174 ueniente
430 1130 524 1174 causa
540 1110 724 1174 subtrahere
734 1111 868 1185 'audeat,
890 1120 922 1173 et
936 1111 988 1174 olii
1002 1111 1088 1177 dare.

344 1219 410 1304 (hl)
431 1221 476 1285 De
494 1225 666 1285 inconcione
684 1243 784 1285 rerum
802 1225 1071 1286 occleaicrtmamot·
1114 1224 1176 1288 lies
1190 1223 1295 1288 eccle-

129 1354 131 1360 ·
260 1334 395 1408 siarum,
417 1333 597 1416 ubicunqne
620 1334 831 1408 inueniuntur,
852 1335 922 1397 siue
940 1336 1025 1416 apud
1045 1335 1197 1400 ecclesias
1217 1335 1295 1402 alias

260 1444 313 1507 uel
327 1447 409 1528 apud
425 1445 581 1519 dominos,
602 1445 642 1508 ad
657 1443 795 1528 priorem
811 1444 976 1510 ecclesiam
990 1467 1079 1510 snam
1092 1447 1236 1512 redseul‘.

346 1554 414 1638 (25)
438 1557 482 1619 lle
494 1556 685 1638 saplipceciu.
730 1557 847 1639 Siquis
862 1557 1054 1620 dominicum
1065 1558 1148 1622 diem
1163 1577 1227 1620 non
1238 1558 1296 1622 ob-

262 1667 447 1744 seruauerit,
469 1677 523 1732 aut
537 1677 674 1752 quatuor
687 1677 830 1750 tempora
843 1689 908 1734 non
924 1670 1122 1744 ieiunanerit,
1144 1677 1197 1734 aas
1210 1691 1295 1736 mor·

262 1791 334 1846 tuos
356 1801 431 1844 snos
453 1783 493 1843 ad
516 1781 680 1845 ecclesiam
700 1801 765 1842 uon
780 1781 975 1864 sepeliuerit,
997 1781 1166 1846 duodecim
1181 1783 1249 1848 dies
1262 1783 1296 1848 in

262 1911 346 1974 pene
362 1900 396 1955 et
407 1893 440 1954 in
454 1911 537 1974 aqna
552 1893 690 1974 peniteat
704 1892 737 1954 iu
751 1893 855 1975 cippo.

350 1999 416 2084 (26)
439 2005 484 2066 Da
501 2005 681 2084 aepliqeucio
702 2006 830 2086 fidelium
852 2007 1044 2068 cadauerum.
1096 2006 1131 2070 Si
1151 2006 1297 2070 dominus

264 2115 350 2178 serni
373 2116 422 2178 sui
442 2135 575 2199 corpas,
597 2125 650 2180 aut
663 2115 797 2180 sillanus
813 2119 960 2200 pauperis
974 2119 1084 2182 nillani
1097 2118 1151 2182 ael
1163 2119 1297 2202 hospitis

264 2228 306 2290 ad
320 2228 485 2291 eeclesiam
500 2249 564 2292 nan
580 2229 743 2303 detulerit,
764 2231 949 2294 tantundem
963 2231 1113 2312 peniteat.

348 2337 414 2422 (27)
435 2341 479 2404 De
493 2343 640 2404 laboribus
655 2343 811 2407 iudeorum
830 2343 865 2406 ia
883 2343 1102 2422 seatiuitctibss.
1152 2342 1184 2404 Si
1196 2343 1230 2406 in
1246 2341 1298 2408 die

264 2451 422 2516 dominico
437 2461 491 2516 ant
505 2453 757 2517 aliisimsioribus
772 2453 993 2518 lestiuitatibus
1008 2453 1138 2516 ludeum
1152 2453 1302 2519 laboren-

263 2573 328 2626 tem
348 2565 461 2647 aliquis
479 2565 653 2639 inuenerit,
675 2585 715 2628 ne
738 2565 966 2630 scandalizetur
983 2565 1202 2640 christianitas,
1224 2585 1298 2628 cum

264 2675 379 2760 quibus
394 2673 607 2738 instrumentis
623 2677 831 2750 laborauerit,
853 2676 906 2740 illa
920 2677 1047 2742 arnittut.

348 2784 416 2869 (usi
439 2789 484 2850 Dc
506 2790 703 2870 decimariam
725 2791 882 2852 liberorum
901 2791 1050 2852 abbatom.
1097 2788 1234 2852 Abbates
1256 2787 1302 2850 de

262 2899 370 2965 liberis
384 2901 449 2962 suia
464 2901 541 2963 dent
556 2901 804 2964 decimacionem
819 2899 987 2982 episcopis.
1247 2984 1251 2990 ι

347 3010 414 3095 (29)
435 3015 480 3075 De
503 3017 616 3076 testibus
637 3015 741 3083 iudicii
761 3015 835 3094 sarri
854 3023 880 3074 et
902 3033 986 3093 oque.
1031 3012 1298 3094 Quooiescunque

263 3122 317 3186 uel
333 3145 415 3207 aqua
429 3125 481 3188 uel
495 3125 579 3190 ferro
594 3125 748 3186 indicium
762 3123 880 3188 factum
894 3124 1002 3197 fuerit,
1017 3123 1162 3190 intersint
1175 3123 1219 3190 ibi
1233 3131 1298 3186 tres

263 3233 371 3298 idonei
391 3242 486 3298 testes
508 3235 712 3296 iureiurando
728 3233 867 3314 probati,
888 3233 990 3315 quiet
1010 3232 1187 3296 innocentis
1205 3233 1299 3298 inno-

264 3345 419 3420 cencium,
440 3354 471 3408 et
485 3367 503 3408 e
519 3352 628 3408 contra
642 3344 806 3426 culpabilis
821 3343 944 3426 culpam
960 3344 1157 3425 perhibeant.
1176 3344 1299 3426 presbi-

264 3465 313 3520 ter
328 3459 367 3520 de
381 3458 466 3520 ferro
478 3457 555 3520 duas
570 3475 685 3538 pensas
700 3463 733 3518 et
748 3456 787 3518 de
803 3473 886 3537 aqua
899 3473 993 3518 unsm
1008 3474 1141 3537 pensam
1155 3454 1298 3536 accipiat.

347 3566 414 3651 (30)
435 3571 479 3630 Dc
493 3570 687 3631 celebracione
701 3570 786 3630 misac
799 3579 885 3630 cetra
899 3569 1057 3632 ecolesimo.
1086 3566 1195 3633 Nudlus
1209 3585 1299 3648 presa

264 3682 346 3746 biter
360 3681 488 3742 missam
511 3681 626 3744 audeat
648 3679 810 3744 celebrare
832 3687 920 3744 extra
934 3677 1119 3752 ecclesiam,
1140 3678 1200 3742 nisi
1214 3677 1298 3742 forte

264 3793 384 3858 itineris
406 3811 501 3856 causa
520 3793 692 3856 necessitas
715 3800 806 3876 cogat
828 3811 910 3856 eum.
940 3791 966 3854 si
982 3810 1060 3854 uero
1076 3809 1095 3852 a
1109 3790 1223 3862 comite
1237 3809 1298 3854 suo

146 3935 148 3940 ·
265 3913 391 3970 coactas
404 3903 519 3980 fuerit,
540 3905 580 3968 ab
594 3905 706 3970 ordine
722 3903 868 3978 cessabit,
890 3903 990 3987 etqui
1005 3921 1078 3967 eum
1092 3901 1209 3966 adhoc
1223 3919 1299 3974 ,crre-¹

265 4017 361 4102 gerit,
383 4015 611 4100 quinquaginta
625 4015 765 4098 quinque
779 4033 895 4098 pensas
908 4016 1022 4081 soluat.
1042 4015 1076 4076 in
1087 4013 1203 4084 itinere
1219 4033 1298 4092 nero,

265 4129 407 4194 diuinum
423 4127 561 4192 officium
577 4118 742 4192 celebrare
752 4127 847 4193 liceat
858 4126 894 4190 in
907 4126 1055 4193 tentorio.
1294 4193 1297 4198 ,

348 4237 418 4327 [31)
448 4241 493 4304 Dr
516 4242 711 4310 dcdmadooe
733 4241 899 4304 liberorum.
950 4237 1099 4322 Episcopi
1124 4237 1164 4302 da
1189 4236 1298 4302 liberis
