2924 4758
292 1707 499 1784 Postremum
507 1717 781 1784 Monumentorum
793 1719 1034 1804 arpadiunorum
1045 1741 1150 1788 rerum
1160 1722 1243 1786 hun·

216 1859 393 1943 quioamru
414 1877 545 1942 scapum
564 1859 734 1924 tectoribus
754 1859 955 1936 exhibentes,
983 1881 1042 1924 nos
1063 1862 1154 1926 deoot
1174 1861 1242 1925 edi·

213 1999 293 2063 toris
314 2000 498 2062 memoriam
519 2000 623 2064 animo
644 1999 805 2064 celebrare
828 2001 1017 2084 gratissimo.

297 2135 359 2202 vix
377 2099 407 2202 ei
427 2137 545 2202 linitum
565 2147 632 2204 erat
651 2140 821 2204 nemesima
839 2141 931 2204 huius
946 2141 1071 2224 optime
1095 2141 1240 2208 editionis

215 2279 315 2342 verba
339 2279 478 2344 seribere
501 2287 537 2373 et
553 2281 626 2344 oum
647 2281 792 2344 omnibus
815 2300 921 2358 ¹rerum
949 2287 1108 2364 gestarum
1134 2281 1239 2362 peritis

215 2426 282 2484 tum
302 2419 525 2503 Megyarornm
543 2418 738 2483 uobiiissimo
759 2420 879 2505 populo
901 2420 1037 2485 maxime
1058 2439 1184 2504 semper
1201 2421 1242 2484 ab

216 2579 257 2622 eo
270 2567 375 2624 amato
390 2567 627 2624 monumentum
643 2559 915 2644 praeclarissimum
932 2563 1122 2648 relinquere,
1143 2581 1242 2646 φιιυιι

216 2719 257 2764 ex
277 2676 447 2762 amisorum
468 2701 713 2776 eonsuetudine,
741 2721 781 2764 ex
800 2702 1004 2766 universitate
1024 2703 1179 2778 literaria,
1200 2723 1242 2766 ex

215 2841 332 2922 petria,
358 2841 410 2906 oui
430 2859 449 2904 e
469 2861 528 2904 suo
549 2848 677 2924 sumptu
698 2861 826 2924 operam
847 2844 1039 2926 prebuerat,
1062 2841 1127 2908 tato
1148 2861 1240 2928 erep-

213 2987 265 3046 tus
286 2988 343 3046 est.

296 3119 463 3204 Stephanos
482 3120 638 3184 Lodistoes
655 3121 811 3212 Boettcher
836 3121 867 3184 d.
881 3121 921 3186 28
936 3141 1037 3185 mens.
1052 3121 1142 3186 Mart.
1159 3121 1239 3186 tata

213 3265 277 3328 rito
296 3266 432 3330 decessit
452 3265 556 3332 sutrim
575 3272 668 3350 atque
689 3263 875 3348 improuiso,
896 3265 928 3328 in
949 3265 1018 3348 ipso
1041 3265 1139 3328 aetatis
1160 3263 1238 3330 tore

214 3405 398 3470 exstinctus.

254 3521 256 3528 ⁵
295 3545 405 3630 Neque
419 3553 526 3610 tomen
539 3551 681 3611 nostrum
698 3545 756 3608 sed
774 3545 843 3609 eius
857 3543 912 3629 qui
926 3544 1055 3610 editoris
1069 3543 1238 3629 imaginem

216 3687 388 3768 exprimet,
408 3694 606 3771 quantopere
629 3687 669 3752 do
692 3685 791 3752 literis
812 3687 963 3770 augendis
984 3687 1116 3752 meritus
1137 3687 1239 3754 sitris

214 3826 267 3892 ilie
287 3827 438 3910 singulari
460 3834 554 3912 atque
579 3825 715 3914 mirifico
732 3827 860 3912 iugenio
882 3828 941 3892 erit
966 3829 1181 3892 demonstrare
1207 3836 1239 3892 ot

213 3965 393 4053 diligentius
407 3967 589 4051 explorare,
610 3972 715 4034 utrum
734 3965 914 4052 linguarum
933 3967 1083 4064 scientiis,
1104 3985 1145 4032 au
1165 3965 1251 4040 hem,
1273 3943 1278 3948 ¹

213 4107 322 4176 borum
337 4109 499 4188 noeane,
513 4127 553 4175 an
567 4107 760 4196 antiquitatis
778 4114 811 4176 et
829 4107 966 4176 historio
980 4109 1102 4185 studiis,
1122 4105 1237 4174 deiude

213 4255 317 4322 unm
331 4250 446 4346 quitus
460 4250 647 4342 prepositus
661 4258 730 4324 erat
741 4250 907 4334 neon,
925 4269 967 4319 au
980 4249 1164 4342 imperatori
1177 4267 1237 4320 suo
