2924 4758
281 431 342 496 eto
451 447 476 494 s.
488 445 641 494 srmmnr
661 441 751 492 aeon
772 443 981 492 nasamoneu
1001 444 1093 490 rnna
1112 445 1135 491 1.

280 605 426 687 periurus
441 604 608 679 exstiterit,
623 623 718 666 manu
733 610 891 686 amputata
906 603 1064 685 punietur,
1081 610 1135 665 aut
1145 603 1316 667 duodecim

183 789 189 797 .
245 777 252 794 ,
280 717 424 780 iuuencis
439 715 620 790 redimetur,
642 725 672 779 et
686 717 805 778 ieiunet
820 725 853 778 ut
868 732 1006 777 canones
1022 715 1179 778 mandant.

365 827 478 890 XVlll.·
520 828 564 890 De
584 830 704 890 libertis.
749 827 781 888 Si
796 819 866 908 quis
883 826 1097 888 misericordia
1112 826 1224 887 ductus
1239 845 1317 907 pro-

282 941 367 1022 prios
388 961 497 1006 seruos
520 933 664 1002 libertate
687 939 849 1000 seriauerit
864 956 934 998 oum
950 931 1140 1009 testimonio,
1170 937 1316 998 decreui-

284 1071 352 1112 mus
367 1058 402 1114 ut
414 1059 486 1132 post
501 1049 620 1111 obitum
637 1051 703 1110 eius
722 1069 816 1110 nemo
832 1047 949 1109 inuidia
966 1054 1066 1110 tactus
1080 1047 1113 1108 in
1129 1047 1316 1110 seruitutem

284 1183 339 1226 eos
360 1163 475 1226 audeat
497 1163 662 1224 reducere.
693 1161 717 1223 si
743 1167 846 1222 autem
867 1159 1045 1220 libertatem
1068 1159 1261 1240 promiserit,
1283 1167 1317 1222 et

283 1282 383 1336 morte
407 1273 598 1354 impediente
624 1292 687 1333 non
714 1271 896 1334 testificatus
922 1270 1033 1344 fuerit,
1065 1270 1181 1332 babeat
1201 1271 1317 1333 mulier

283 1385 365 1448 illius
388 1385 483 1446 uidua
504 1391 535 1447 et
548 1381 604 1445 filii
619 1392 805 1465 potestatem
827 1381 909 1444 bano
929 1383 1063 1444 eandem
1078 1381 1254 1445 libertatem
1268 1389 1317 1444 te-

282 1495 419 1570 stificari,
440 1501 470 1557 et
484 1513 606 1578 agapen
620 1495 726 1557 faeere
746 1515 800 1576 pro
815 1495 1039 1576 redempcione
1062 1495 1165 1556 anime
1181 1495 1228 1580 sui
1250 1513 1317 1556 ma-

234 1689 236 1693 ·
284 1607 351 1682 rili,
371 1607 634 1690 qualitercunque
651 1601 738 1668 uelit.
1233 1615 1237 1622 '

367 1721 453 1780 xix.
496 1722 539 1780 lle
553 1731 694 1780 conuentu
715 1721 755 1780 ed
776 1721 936 1789 ecclesium,
968 1719 1042 1780 etde
1062 1719 1106 1778 bie
1121 1721 1170 1798 qul
1185 1737 1318 1780 merme-

285 1843 355 1894 runt
370 1835 414 1894 uel
428 1831 647 1911 loquuturboru
664 1833 758 1892 misse.
804 1829 835 1892 Si
848 1830 901 1912 qui
917 1831 956 1892 ad
972 1829 1136 1891 ecelesiam
1153 1825 1317 1892 uenientes

285 1944 325 2005 ad
341 1942 532 2004 audiendum
553 1942 695 2004 diuinum
717 1941 873 2016 officium,
895 1949 927 2003 et
940 1941 1058 2002 ibidem
1073 1941 1152 2002 bora
1167 1941 1317 2004 solemni-

285 2054 356 2117 tatis
378 2054 542 2116 missarum
563 2054 645 2115 inter
660 2074 693 2115 se
703 2045 919 2126 murmurant,
942 2063 973 2118 et
987 2057 1109 2116 ceteros
1124 2053 1316 2136 inquietant,

286 2173 481 2246 exponentes
509 2163 630 2226 tabulas
655 2165 793 2236 ociosas‚
827 2171 858 2226 et
882 2183 946 2224 non
971 2165 1168 2227 intendentes
1194 2165 1316 2227 diuinas

285 2273 439 2340 lectiones
453 2297 524 2340 cum
539 2277 751 2340 ecclesiastico
766 2271 969 2349 intromonte,
991 2276 1016 2336 si
1034 2276 1169 2338 maiores
1183 2285 1256 2339 sunt
1269 2277 1317 2336 in·

287 2391 404 2472 erepati
425 2409 494 2453 eum
511 2389 667 2450 dedecore
685 2385 880 2468 expellantur
896 2383 1100 2460 deecclesia,
1124 2389 1150 2448 si
1165 2408 1243 2450 uero
1259 2389 1317 2450 mi-

286 2521 382 2564 nores
402 2499 454 2562 uel
476 2494 641 2579 uulgares,
663 2500 695 2558 in
718 2499 798 2560 atrio
819 2499 952 2560 ecclesie
970 2519 1027 2580 pro
1043 2507 1127 2562 tanta
1142 2500 1318 2562 temeritate

287 2631 392 2673 eoram
408 2611 550 2672 omnibus
567 2609 709 2691 ligentur,
726 2603 769 2670 ¹et
782 2609 993 2689 corripiantur
1007 2612 1138 2696 flagellis
1154 2622 1191 2674 a'e
1206 2631 1317 2674 eesnra

287 2723 481 2806 capillorum.
527 2717 555 2816 ’Ἰ

369 2837 440 2896 ΧΧ.
482 2835 526 2896 De
538 2855 599 2896 noo
613 2836 785 2916 recipiendis
807 2837 898 2896 serula
918 2839 962 2898 uel
977 2839 1091 2898 ancillis
1104 2840 1137 2898 in
1151 2841 1318 2900 uereruelo-

286 2966 352 3010 aem
366 2951 410 3009 uel
424 2949 618 3009 testimouium
633 2937 862 3028 superdandum
877 2959 903 3008 et
917 2935 1062 3010 domiuus.
1074 2939 1124 3010 ¹Ut
1135 2967 1212 3030 gens
1223 2949 1318 3011 buius

287 3059 467 3120 monarebie
492 3059 531 3120 ab
554 3059 638 3120 omni
659 3059 785 3120 incursu
807 3067 838 3120 et
859 3061 1066 3122 aecusaeione
1096 3055 1259 3122 senatorum
1285 3069 1318 3122 et

288 3171 469 3234 ancillarum
489 3177 609 3232 remota
630 3177 661 3231 et
676 3171 781 3251 quieta
799 3180 937 3244 maneat,
959 3172 1133 3233 seeundum
1156 3173 1317 3234 decretum

287 3283 401 3364 regalis
423 3281 546 3344 concilii
566 3281 690 3362 penitus
712 3265 911 3344 interdictum
936 3290 1000 3355 est,
1030 3291 1064 3344 nt
1086 3282 1204 3344 nullius
1221 3301 1318 3344 eausa

288 3393 380 3474 eulpe
402 3393 506 3473 aliqua
527 3392 649 3454 seruilis
673 3385 809 3474 persona
825 3399 932 3454 eontra
948 3395 1090 3456 dominos
1106 3394 1158 3456 uel
1173 3394 1317 3455 dominas

287 3504 320 3564 in
335 3503 575 3565 aceusaeionem¹
585 3503 636 3564 uel
649 3504 861 3566 testimonium
875 3503 1054 3584 recipiatur.
1095 3497 1097 3502 ’

370 3615 454 3676 ΧΧΙ·.
496 3615 540 3676 De
554 3616 598 3675 bis
614 3617 663 3696 qut
677 3617 780 3675 olienis
794 3617 885 3688 serula
900 3617 1059 3676 libertatem
1073 3618 1240 3695 acquirent.
1283 3617 1317 3678 Si

288 3727 357 3808 quis
371 3725 566 3808 improuidus
587 3726 723 3789 alienum
745 3747 870 3788 seruum
887 3727 953 3788 sine
969 3727 1167 3789 consciencia
1182 3726 1317 3788 senioris

287 3845 359 3900 ante
374 3859 479 3921 regem
494 3840 547 3902 uel
561 3840 697 3902 maiores
712 3848 786 3902 natu
801 3848 832 3900 et
847 3839 996 3920 dignitate
1009 3840 1144 3913 duxerit,
1165 3847 1199 3902 ut
1213 3839 1315 3902 soluto

286 3949 445 4010 seruitutis
464 3951 539 4030 iugo
557 3950 719 4012 lenitatem
741 3949 893 4012 libertatis
914 3949 973 4012 sibi
995 3952 1150 4034 acquirat,
1171 3952 1248 4014 sciat
1266 3947 1326 4025 se,¹

286 4058 313 4120 si
335 4059 425 4122 diues
446 4067 510 4132 est,
532 4057 760 4140 quinquaginta
778 4061 930 4124 iuuencos
950 4062 1163 4136 redditurum,
1192 4062 1317 4144 exqui-

285 4171 344 4234 bus
359 4167 568 4254 quadraginta
581 4169 736 4233 debentur
750 4171 833 4255 regi,
855 4167 965 4236 decem
987 4190 1065 4236 uero
1086 4175 1201 4240 seniori
1220 4174 1315 4244 serui,
