2924 4758
259 361 322 424 312
422 376 448 424 s.
462 377 616 424 sruanam
635 375 726 424 murs
745 376 953 424 semrom
973 377 1067 422 monn
1088 377 1110 422 ι.

262 552 332 596 mus
354 531 405 594 dei
429 531 727 594 excommunicetur.
759 531 851 596 decet
874 532 959 594 enim
979 539 1015 594 ut
1036 531 1294 614 indignacionem

260 643 358 724 ipsius
373 641 493 704 domini
505 641 589 722 regis
604 641 741 715 senciat,
763 641 852 706 cuius
865 641 1084 705 beniuolencie
1098 649 1298 723 contemptor

262 762 295 817 et
316 754 548 818 constitucionis
572 754 789 834 prenaricator
810 753 925 816 existit
952 753 1173 816 nichilominus
1188 762 1297 818 tamen

260 885 319 926 rex
346 884 403 925 sue
428 863 641 926 concessionis
670 864 898 926 immunitatem
923 865 963 926 ab
987 864 1133 926 omnibus
1160 863 1296 926 dicionis

261 995 318 1038 sue
338 974 458 1036 illesam
477 974 660 1036 conseruari
678 974 844 1057 precipiat,
864 995 1027 1037 assensum
1045 993 1124 1036 uero
1144 993 1207 1036 non
1221 994 1296 1055 pre-

261 1086 336 1148 beat
349 1085 526 1168 improuide
541 1084 777 1158 affirmantibus,
798 1105 863 1146 non
878 1085 995 1148 debere
1010 1105 1080 1148 esse
1096 1106 1147 1147 res
1159 1085 1294 1147 domini-

263 1215 331 1270 cas,
352 1196 386 1256 id
400 1203 448 1257 est
462 1195 589 1256 domino
605 1195 837 1257 dominancium
852 1197 990 1258 traditas.
1017 1197 1061 1258 ita
1075 1204 1149 1259 sunt
1161 1197 1220 1259 sub
1234 1197 1292 1258 de-

262 1307 407 1369 fensione
430 1306 533 1388 regis,
556 1306 648 1369 sicuti
672 1309 797 1388 proprie
821 1327 878 1370 sue
902 1307 1103 1380 hereditatis,
1129 1305 1294 1390 magisque

263 1419 415 1492 aduertat,
436 1418 511 1500 quia
524 1427 642 1499 quanto
658 1419 736 1482 dens
750 1417 963 1482 excellencior
977 1425 1026 1480 est
1039 1418 1186 1492 homine,
1206 1425 1296 1482 tanto

262 1528 458 1610 prestancior
478 1535 536 1592 est.
546 1528 655 1591 diuina
676 1547 771 1590 causa
789 1529 966 1592 mortalium
980 1529 1193 1610 possessione.
1213 1548 1293 1610 quo-

262 1641 344 1704 circa
358 1641 521 1722 decipitur,
535 1640 678 1722 quisquis
695 1641 763 1722 plus
777 1642 811 1702 in
826 1641 958 1722 propriis
970 1659 1065 1722 quam
1078 1641 1112 1702 in
1126 1637 1291 1702 dominicis

262 1754 358 1816 rebus
373 1752 534 1835 gloriatur.
563 1771 697 1834 quarum
712 1752 890 1814 diuinarum
905 1772 1012 1816 rerum
1028 1751 1177 1814 defensor
1191 1759 1223 1813 et
1237 1770 1292 1812 cu-

262 1871 327 1926 stos
342 1862 503 1924 diuinitate
529 1870 672 1936 statutus,
695 1861 836 1944 diligenti
858 1883 933 1924 cura
955 1881 1019 1924 non
1040 1861 1142 1927 solum
1157 1881 1211 1924 eas
1225 1879 1292 1922 ser-

262 1993 356 2047 uare,
383 1973 441 2034 sed
463 1971 564 2034 eciam
585 1971 793 2054 multiplicare
814 1973 925 2045 debet,
952 1973 1114 2054 magisque
1137 1972 1207 2045 illa,
1229 1991 1291 2053 que

264 2083 399 2146 diximus
413 2084 644 2164 prestanciora,
665 2103 762 2165 quam
776 2103 834 2144 sua
845 2083 1018 2146 defendere
1033 2091 1157 2164 oportet
1171 2091 1202 2145 et
1216 2103 1292 2164 aug-

262 2187 415 2256 mentare.
441 2195 468 2254 si
483 2194 552 2276 quis
566 2194 661 2276 igitur
674 2194 801 2256 insanus
822 2193 1066 2276 inoportunitate
1086 2191 1291 2274 improbitatis

260 2325 317 2368 sue
331 2325 441 2388 regem
455 2312 574 2366 arceto
591 2313 772 2384 peruertere
786 2303 996 2386 temptauerit,
1017 2303 1174 2384 nullisque
1188 2321 1292 2364 reme·

260 2417 320 2478 diis
344 2415 477 2496 mitigari
501 2434 596 2496 posse
617 2416 704 2477 uisus
726 2415 838 2488 tuerit,
858 2415 934 2476 licet
955 2413 1114 2496 obsequiis
1135 2413 1291 2494 aliquibus

259 2525 445 2588 transitoriis
466 2525 508 2587 sit
527 2527 741 2598 necessarius,
763 2526 995 2590 abscindendus
1014 2526 1055 2590 ab
1077 2544 1116 2588 co
1134 2524 1291 2605 proicien-

260 2638 383 2718 dusque
405 2643 467 2709 est,
494 2636 582 2698 iuxta
601 2635 679 2698 illud
704 2633 938 2717 euangelicum:
959 2636 986 2698 si
1009 2655 1083 2718 pes,
1103 2655 1216 2698 manus
1237 2635 1292 2696 uel

260 2748 369 2810 oculus
384 2755 456 2810 tuus
470 2746 658 2810 scandalizat
672 2756 717 2821 te,
733 2754 860 2828 amputa
874 2747 926 2808 uel
941 2767 1016 2808 erue
1032 2766 1123 2821 eum,
1138 2756 1170 2809 et
1183 2745 1290 2828 proice

261 2860 316 2922 abs
331 2867 371 2922 te.

343 2971 382 3030 ΙΙ.
422 2969 468 3030 De
477 2979 619 3048 potestate
631 2970 829 3048 cpiscoporum
842 2989 928 3050 super
941 2990 987 3034 res
1001 2971 1214 3042 ecclesiasticas,
1242 2989 1291 3030 cc-

260 3101 381 3161 roche
390 3081 776 3142 coaccaimciocmnloicis.
803 3079 951 3146 Uolumus
962 3088 997 3143 ut
1007 3080 1146 3162 episcopi
1155 3080 1293 3142 habeant

260 3199 448 3274 potestatem
458 3210 509 3252 res
519 3189 745 3252 ecclesiasticas
753 3192 931 3271 prouidere,
941 3193 1292 3273 regereetgubernare,

261 3311 356 3384 atque
368 3303 550 3382 dispensare
565 3301 739 3364 secundum
751 3305 932 3366 canonicam
948 3304 1174 3366 auctoritatem.
1194 3303 1291 3364 Uolu-

260 3434 330 3476 mus
351 3421 387 3474 ut
404 3419 435 3473 et
455 3410 527 3472 laici
546 3411 579 3472 in
599 3431 708 3476 eorum
726 3413 900 3478 ministerio
912 3413 1066 3495 obediant
1080 3413 1236 3496 episcopis
1251 3413 1291 3476 ad

260 3523 414 3607 regendas
429 3523 589 3597 ecclesias,
610 3525 722 3588 uiduas
737 3535 769 3588 et
783 3525 941 3606 orphanos
958 3526 1187 3600 defensandos,
1210 3533 1242 3588 et
1256 3532 1291 3587 ut

262 3627 444 3698 obedientes
460 3633 522 3696 sint
535 3636 575 3696 ad
591 3655 702 3698 eorum
717 3636 973 3699 christianitatem
987 3637 1186 3700 seruandam.
1216 3656 1292 3699 con·
1376 3685 1377 3688 ,

260 3746 500 3828 sencientesque
530 3745 594 3810 sint
615 3747 744 3810 comites
770 3755 802 3810 et
820 3746 940 3810 iudices
962 3747 1141 3830 presulibus
1163 3749 1227 3810 suis
1251 3747 1291 3808 ad

260 3856 398 3920 iusticias
413 3857 590 3932 faciendas,
611 3859 697 3920 iuxta
711 3865 862 3941 precepta
875 3856 954 3940 legis
969 3857 1087 3922 diuine.
1114 3865 1145 3920 et
1158 3857 1292 3920 nullate-
1336 3934 1338 3938 Ι

261 3986 320 4032 nus
344 3989 401 4054 per
426 3968 599 4050 aliquorum
623 3967 821 4029 mendacium
845 3967 899 4032 uel
921 3969 1035 4032 salsum
1060 3965 1291 4040 testimonium,

261 4099 364 4162 neque
386 4077 576 4160 periurium,
599 4085 652 4144 aut
664 4098 722 4160 per
735 4079 891 4161 premium
904 4077 957 4143 lex
971 4082 1052 4146 insta
1066 4081 1099 4142 in
1113 4077 1219 4164 aliquo
1235 4078 1291 4141 de-

260 4198 420 4276 prauctur.
700 4187 702 4190 ’
