2920 4758
203 463 290 506 onum
310 464 351 506 rv.
373 461 464 504 unurs
486 460 633 504 erasurus
654 461 802 504 sociemur
823 461 863 504 ne
886 461 1006 506 scaros.
1041 443 1129 507 lota.
1171 444 1228 506 Ibi

204 616 407 678 decImarum.
435 635 531 695 super
546 613 648 675 causis
669 620 771 675 autem
794 614 917 677 minutis
938 614 1020 677 inter
1033 635 1067 677 se
1086 616 1161 676 ortis
1176 615 1231 677 de·

202 726 361 800 liniendis,
391 725 516 807 ipsimet
533 725 653 806 possint
674 724 810 791 iudicem
833 723 966 807 eligere,
988 745 1082 807 quem
1102 725 1231 799 uellent,

202 837 285 900 etsi
311 858 408 918 super
434 837 538 917 aliquo
562 836 644 896 inter
663 855 717 897 eos
744 834 882 898 duellum
908 837 1068 919 contingat
1091 835 1231 910 iudicari,

201 949 329 1010 nonnisi
342 948 374 1008 in
389 947 555 1029 presencia
571 952 678 1008 nostra
692 947 805 1010 debeat
819 949 989 1010 terminari.

284 1062 340 1134 (5)
361 1061 439 1121 Item
465 1079 569 1121 comes
592 1060 631 1121 de
651 1059 769 1140 Scepus
791 1059 909 1122 nullum
928 1059 1115 1123 descensum
1135 1081 1231 1142 super

202 1193 257 1235 eos
272 1171 373 1253 possit
387 1171 491 1233 lucere
510 1170 693 1233 uiolentum.

285 1283 347 1357 (6)-
362 1283 442 1346 Item
457 1281 483 1344 si
498 1267 566 1366 quis
582 1283 621 1344 de
636 1280 712 1363 ipsis
727 1280 795 1346 sine
814 1282 932 1346 herede
951 1283 1140 1358 decesserit,
1160 1283 1231 1344 uni-

202 1415 295 1458 uersa
309 1396 409 1467 bona,
430 1402 493 1456 tam
516 1393 645 1456 mobilia
660 1414 753 1475 quam
775 1393 947 1457 immobilia
966 1394 1082 1476 ipsius,
1104 1395 1153 1457 cui
1167 1395 1231 1456 iilia

201 1507 228 1568 si
247 1507 381 1578 habeat,
408 1507 461 1568 uel
483 1506 590 1570 relicta
610 1507 635 1567 si
651 1505 815 1587 nupserint
829 1506 1010 1568 succedant.
1039 1507 1095 1568 sed
1118 1505 1230 1568 illaad

202 1620 313 1681 eadem
334 1617 469 1680 seruicia
492 1624 643 1693 teneatur,
673 1618 712 1678 ad
733 1638 794 1699 que
815 1617 989 1691 decedens,
1019 1616 1070 1679 cui
1092 1616 1231 1680 succedit

200 1729 260 1791 fuit
275 1729 440 1812 obligatus.

284 1844 341 1917 (7)
361 1843 439 1903 Item
462 1841 488 1904 si
510 1861 606 1922 super
627 1840 733 1922 aliquo
755 1841 883 1903 dubium
907 1841 1034 1916 oriatur,
1064 1842 1151 1924 quod
1173 1861 1230 1924 per

199 1959 430 2015 sacramentum
456 1953 570 2015 debeat
601 1951 770 2016 certificari
799 1959 831 2014 et
855 1951 1002 2034 purgari,
1033 1953 1072 2014 de
1103 1953 1229 2033 prestito

200 2071 398 2126 sacramento
413 2065 468 2124 XL
484 2064 629 2126 denarios
649 2071 681 2126 et
693 2083 758 2125 non
774 2063 878 2145 plures
894 2064 1086 2144 persoluent.

283 2177 340 2251 (8)
361 2177 439 2238 Item
460 2176 486 2237 si
507 2175 619 2258 aliquis
639 2177 777 2256 ipsorum
793 2175 998 2236 condiscatur
1012 2193 1109 2256 super
1123 2175 1228 2256 atiquo

198 2289 295 2363 lucto,
317 2287 441 2350 soluere
461 2288 575 2350 debeat
594 2287 744 2350 iudicium
766 2285 853 2348 iuxta
876 2284 1026 2347 nobilium
1048 2294 1131 2348 terre
1153 2306 1230 2348 con·

199 2401 398 2462 suetudInem
415 2401 631 2480 approbatam.

284 2509 322 2570 Ut
337 2507 432 2590 igitur
445 2509 538 2572 holos
559 2509 710 2572 libertatis
731 2517 828 2574 status
844 2512 896 2574 uel
910 2510 1008 2574 series
1023 2509 1054 2572 in
1070 2518 1229 2591 posterum

200 2619 390 2683 inconcussa
406 2628 596 2702 permaneat,
617 2639 677 2684 nec
691 2619 831 2704 alioquin
845 2641 994 2684 successu
1008 2621 1159 2702 temporis
1175 2641 1230 2702 per

200 2731 382 2812 quempiam
396 2731 429 2792 in
443 2731 562 2793 irritum
578 2733 675 2814 possit
689 2732 848 2807 reuocari,
863 2733 914 2795 uel
928 2732 1124 2816 aliquatenus
1135 2739 1231 2814 queat

200 2841 382 2915 retractari,
406 2842 444 2904 ad
460 2842 526 2904 cius
540 2841 662 2904 firmam
678 2842 877 2906 stabilitatem
898 2844 1003 2907 literas
1018 2851 1140 2904 nostras
1155 2861 1231 2904 con·

149 2993 155 3004 ι
202 2952 355 3014 cessimus
384 2953 626 3028 testimoniales,
660 2953 793 3036 duplicis
818 2954 909 3036 sigilli
934 2954 1034 3016 nostri
1058 2951 1230 3016 munimine

201 3065 377 3128 roborotas.
405 3067 518 3126 Datum
533 3085 618 3127 auno
632 3065 736 3147 gracie
751 3063 945 3128 MCCXLlll.
964 3065 1030 3128 Vll.
1050 3065 1123 3127 Idus
1140 3063 1231 3139 lunii,

201 3177 294 3258 regni
307 3185 412 3240 autem
426 3176 524 3240 nostri
538 3195 622 3240 anno
636 3177 716 3240 Vlll.
