2904 4754
302 357 364 427 1170
418 377 568 426 emnam
590 377 766 424 rsconmrnr
786 377 890 424 orrrnr
910 374 1100 423 nermzrnr.
1123 356 1212 420 1116.

302 532 387 594 bona
407 531 525 596 snaed
545 549 678 593 uxorem
697 529 750 592 nel
771 529 811 592 ad
830 528 926 592 {iiiam
940 548 1047 603 suam,
1069 527 1096 589 si
1109 527 1220 600 hahet,
1240 527 1337 590 saluo

303 650 410 706 temen
423 643 491 706 inre
507 641 631 704 comitis
647 641 709 714 sui,
723 649 756 703 ut
770 641 946 724 predictum
962 647 1019 704 est.
1041 641 1081 702 de
1096 639 1209 702 ceteris
1224 639 1336 721 dispc-

303 762 357 818 nat
370 756 450 818 sieut
464 754 608 818 uoluerit

387 867 444 939 (7)
465 864 543 927 item
558 884 616 947 pro
630 863 801 928 homicidio
816 863 869 926 uel
882 862 987 946 aliquo
1009 862 1070 924 aiio
1092 860 1244 924 maleficio
1263 881 1334 923 ma-

303 973 371 1049 riti,
393 975 419 1037 si
440 976 571 1040 maritus
590 975 704 1058 fugiat,
725 994 805 1038 uxor
819 994 883 1036 non
897 975 1073 1048 damnatur,
1093 974 1151 1036 sed
1173 992 1243 1034 cnm
1263 992 1334 1034 om·

304 1087 396 1150 nibus
410 1087 500 1150 benis
515 1087 578 1150 suis
592 1085 691 1150 libere
705 1087 739 1151 in
753 1086 846 1148 domo
861 1105 917 1167 sne
932 1084 1138 1166 permanebit.

387 1197 444 1272 (8)
465 1198 542 1260 item
571 1217 677 1260 comes
702 1195 843 1278 ipsorum
869 1215 923 1257 eos
951 1189 1067 1258 inuitos
1097 1195 1136 1256 ed
1163 1193 1331 1256 dicendum
1435 1239 1437 1262 4

305 1310 516 1374 testimonium
530 1330 594 1372 non
609 1310 710 1372 mittet
718 1329 783 1396 'nec
798 1305 974 1390 compellet.

387 1423 443 1496 (9)
465 1422 543 1484 Item
569 1420 596 1483 si
620 1421 774 1504 quispiam
792 1421 944 1484 recedere
966 1419 1118 1494 uoluerit,
1148 1421 1228 1484 datis
1252 1421 1330 1484 duo-

305 1535 407 1596 decim
432 1532 569 1596 deneriis
590 1532 688 1594 libere
710 1531 853 1606 recedet,
879 1541 910 1595 et
931 1532 1045 1614 poterit
1066 1533 1176 1594 domos
1197 1551 1279 1607 snas,
1301 1541 1331 1596 et

305 1645 366 1708 alia
385 1647 486 1722 bona,
506 1665 567 1726 que
589 1644 734 1718 habehit,
763 1644 941 1706 hominibus
963 1645 1002 1706 de
1025 1645 1136 1708 eadem
1159 1644 1233 1708 uilia
1254 1666 1330 1708 uen-

306 1759 399 1832 dere,
420 1757 477 1819 sed
492 1758 654 1818 destruere
670 1776 734 1817 non
748 1758 862 1818 audeat
876 1775 935 1818 nec
948 1756 1129 1821 transferre.

389 1871 464 1945 (10)
485 1869 563 1932 Item
584 1868 691 1932 comiti
710 1870 826 1932 dehent
848 1870 923 1932 dare
936 1889 995 1950 pro
1011 1869 1167 1932 descensu
1182 1870 1281 1935 semel
1298 1871 1329 1932 in

307 1999 389 2044 anno
404 1979 565 2044 dimidiam
579 1999 730 2054 marcam,
753 1988 784 2042 et
798 1981 976 2044 uicecomiti
991 1979 1152 2047 dimidium
1167 1980 1330 2045 fertonem.

389 2095 466 2170 (11)
486 2093 566 2156 Item
590 2092 624 2162 in
649 2093 749 2156 nausis
773 2112 836 2174 qne
861 2093 893 2154 in
918 2091 992 2156 uilia
1015 2092 1156 2174 ipsorum
1181 2093 1330 2166 criuntur,

303 2212 400 2270 testes
416 2205 557 2271 extranei
571 2212 680 2268 contra
694 2225 748 2268 eos
763 2223 827 2266 non
841 2204 1055 2278 admittuntur,
1077 2209 1245 2287 antequam
1258 2205 1329 2279 duc,

301 2315 354 2379 uel
368 2316 478 2378 saltem
492 2336 574 2378 unns
589 2317 628 2380 de
646 2316 758 2380 eadem
773 2315 848 2378 uilla
863 2315 1085 2397 producantur.

356 2509 359 2512 ι
383 2429 464 2502 (111)
485 2428 564 2490 item
585 2427 737 2488 maiorem
760 2425 833 2490 uiiie
856 2447 897 2490 ex
919 2447 954 2492 se
977 2426 1094 2510 eligent
1106 2427 1329 2508 qnemnolue·

300 2539 371 2611 rint,
403 2545 434 2600 et
458 2537 593 2600 electum
617 2538 709 2600 nobis
736 2539 963 2620 presentabant
987 2540 1246 2621 approbandum,
1277 2540 1327 2622 qui

300 2667 412 2710 causas
427 2667 529 2730 usqne
543 2665 679 2713 marcam
694 2649 775 2714 inter
789 2649 874 2730 ipsos
888 2649 1048 2718 iudicabit.

385 2760 468 2834 (13)
490 2759 625 2822 Maiores
639 2779 717 2822 uero
733 2779 853 2834 causas,
867 2759 1174 2842 scilicetsangninis,
1185 2761 1238 2832 uel
1251 2759 1327 2826 ultra

192 2889 194 2894 ’
301 2891 440 2936 marcam
448 2917 457 2948 ,
478 2871 633 2934 iudicabit
644 2891 750 2936 eomes
766 2892 836 2936 cum
857 2872 964 2935 uillico
979 2878 1013 2934 et
1026 2871 1093 2934 aliis
1108 2872 1276 2942 maioribus
1290 2873 1326 2936 de

301 2983 386 3046 uilla.
408 2983 465 3046 sed
487 2981 513 3044 si
534 2984 685 3046 maiorem
709 2983 780 3046 uiile
805 3003 861 3064 pro
881 2983 946 3046 suis
967 2985 1151 3048 excessibus
1164 3003 1325 3048 remouere

300 3095 476 3168 noluerint,
499 3096 538 3156 de
554 3101 661 3176 nostra
675 3095 870 3158 consciencia
884 3095 1103 3158 remouebunt.
1139 3169 1140 3172 Ἴ

385 3205 468 3282 (11)
491 3207 568 3268 item
582 3205 757 3286 prestaldus
771 3205 804 3268 in
818 3206 987 3268 maioribus
1000 3213 1032 3268 et
1045 3205 1218 3282 minoribns
1229 3208 1325 3270 causis

301 3337 367 3381 non
381 3316 475 3380 debet
489 3315 558 3397 pius
571 3315 700 3388 habere,
721 3315 781 3378 nisi
796 3317 1003 3399 quadraginta
1018 3317 1175 3382 denarios
1199 3325 1233 3380 et
1245 3318 1325 3382 fures

301 3429 369 3512 ipse
391 3426 569 3511 prestaldus
592 3426 745 3488 detinebit
763 3447 863 3510 usque
883 3429 923 3490 ed
946 3429 1135 3494 decisionem
1152 3447 1245 3492 cause
1264 3450 1324 3492 sne.

385 3539 466 3614 (15)
487 3537 565 3598 Item
580 3544 747 3618 postquam
761 3537 820 3619 ipsi
835 3540 895 3618 dec
909 3539 1036 3608 nolente
1051 3539 1248 3621 multiplicati
1262 3541 1324 3606 iue-

302 3652 380 3724 rint,
411 3656 442 3712 et
465 3667 522 3710 nos
544 3647 605 3712 iilic
626 3649 735 3724 uenire
758 3650 937 3734 contigerit,
965 3652 1055 3728 nobis
1079 3651 1208 3717 delicias
1227 3653 1322 3717 faeere

301 3761 501 3824 tenebuntur.
556 3809 568 3830 ,
1173 3813 1174 3816 ,

384 3870 422 3934 Ut
437 3877 542 3937 autem
556 3870 707 3954 premisse
721 3871 871 3939 libertatis
879 3873 983 3944 series
996 3871 1086 3936 firma
1100 3872 1141 3936 sit
1155 3880 1188 3946 et
1202 3875 1321 3952 stabilis,

300 3981 620 4068 presentes-dedimus
634 3982 740 4050 literas
755 3983 848 4068 sigilii
861 3983 960 4050 nostri
973 3983 1320 4084 muniminerchcrxatas.

300 4097 415 4158 Datum
429 4112 512 4169 anno
527 4093 633 4176 gracie
648 4092 839 4160 MCCXLVI.
853 4095 956 4178 pridie
970 4093 1075 4158 Nonas
1085 4095 1261 4174 Februarii.

639 4245 988 4276 m
1008 4265 1011 4272 ι
