2920 4758
301 401 899 460 111111111111111111111111111111.
933 386 1022 448 1191.
1116 384 1178 448 315

141 561 317 624 1111111111·
329 565 494 633 uocantur,
515 558 542 620 si
556 556 732 632 noluerint,
753 577 825 620 oum
839 555 968 620 bomine
980 555 1113 620 Palatini
1125 552 1179 618 uel

142 671 273 736 comitis
294 670 475 752 parochiam
493 670 599 732 dicare
614 669 751 732 decimos
767 669 906 751 possint,
926 668 1001 746 item
1023 667 1049 730 si
1069 667 1178 730 nolue-

141 784 226 857 rint,
247 781 324 864 quia
342 782 474 846 forsitan
490 781 622 844 ecclesie
638 779 788 862 expedire
803 799 867 842 uon
882 785 1087 861 cognoscant,
1108 777 1179 839 nul-

142 894 273 958 latenus
288 892 525 974 compellantur.

231 1001 301 1086 (lo)
317 1005 400 1068 {tarn
414 1024 488 1066 curn
498 1005 625 1068 decime
639 1009 703 1068 tam
716 1003 785 1066 iure
800 1004 949 1077 mosaico,
961 1021 1058 1086 quarn
1073 1021 1179 1064 sacro-

144 1124 257 1180 sancta
272 1114 455 1198 euangelica
470 1116 630 1178 sanctione
645 1115 725 1178 solui
737 1113 911 1178 distinctius
921 1115 1097 1188 iubeantur,
1111 1115 1178 1176 siue

146 1247 282 1310 quarum
297 1227 460 1289 solucione
475 1227 642 1289 iustissime
662 1227 778 1289 1111111
798 1244 891 1290 nemo
906 1232 1022 1307 potest,
1044 1225 1180 1308 precipi-

146 1359 219 1402 mus
233 1339 295 1401 boc
309 1339 427 1412 edicto,
447 1339 480 1398 in
494 1344 682 1419 perpetuum
696 1337 881 1410 obtenturo,
902 1337 1131 1419 etquicunque
1145 1337 1179 1398 in

147 1449 272 1512 diecesi·
294 1448 623 1528 Quinqueeoclesicn'si
651 1447 783 1522 fuerint,
815 1449 1031 1530 cuiuscunque
1063 1447 1179 1528 fastigii

145 1561 235 1633 baro,
256 1555 380 1632 nobilis,
400 1560 545 1622 seruiens
557 1560 673 1640 regins,
695 1560 788 1624 castri
803 1558 1179 1640 1111111111111,1111ρί.ἱ

147 1680 240 1734 tesue
264 1671 377 1745 nostri,
406 1670 459 1734 ue‘l
483 1669 698 1751 cuiuscunque
728 1670 857 1734 alterius
882 1669 922 1732 de
946 1688 1045 1752 regno
1070 1677 1179 1732 nostro

147 1783 231 1846 liber
245 1781 340 1842 bomo
356 1781 409 1842 uel
423 1801 544 1854 seruus,
565 1782 757 1844 saracbeuus
770 1782 874 1845 incola
887 1782 977 1864 regni
992 1783 1106 1856 nostri,
1126 1782 1180 1844 uel

148 1890 298 1954 schlauas
312 1891 463 1964 rusticus,
485 1892 570 1964 ebes,
591 1891 791 1965 christianus,
809 1891 990 1973 plenissime
1004 1894 1179 1955 secundum

147 2022 311 2067 sacrorum
343 2021 498 2064 canonum
533 2001 729 2076 sanctiones,
765 2002 843 2084 quia
873 2003 907 2065 in
937 2023 1037 2085 regno
1069 2011 1178 2066 nostro

149 2113 320 2176 christiano
345 2121 472 2176 manent
498 2119 529 2176 et
553 2113 681 2186 uiuunt,
712 2113 752 2174 de
774 2113 922 2174 omnibus
950 2114 1041 2175 bonis
1069 2131 1179 2175 eorum

150 2244 339 2306 quecunque
349 2225 500 2292 dominus
515 2225 592 2306 ipsis
606 2224 760 2286 concessit
776 2224 876 2286 iustas
892 2224 1031 2286 decimas
1045 2225 1180 2300 soluaot,

150 2335 301 2398 uidelicet
315 2337 455 2398 decroni
470 2336 599 2418 frugum·
610 2355 745 2418 genere,
764 2333 886 2398 seilicet
905 2334 1025 2410 tritico,
1044 2335 1179 2418 siligine,

151 2448 268 2520 ordeo,
289 2465 409 2521 auena,
430 2446 526 2521 milio,
547 2448 627 2510 sicut
641 2467 734 2511 orrea
748 2447 924 2522 continent,
946 2447 1120 2510 eorundem
1134 2447 1180 2511 le·

151 2559 315 2641 geminum
336 2578 467 2640 prorsus
490 2577 607 2640 genere
629 2558 718 2622 nullo
737 2567 881 2641 excepto.
912 2560 987 2624 item
1006 2560 1046 2622 dc
1068 2559 1180 2634 uineis,

150 2671 264 2732 sende
279 2663 371 2744 uiuo,
398 2671 474 2732 item
488 2670 527 2732 dc
542 2669 746 2743 molendinis,
766 2669 841 2732 itern
864 2669 904 2734 de
919 2673 1067 2734 armentis
1082 2691 1181 2755 equo-

150 2801 222 2844 rum
245 2801 302 2844 seu
323 2780 470 2862 oquacia,
490 2780 565 2843 item
586 2781 625 2844 de
645 2781 734 2864 agnis
756 2789 789 2844 et
810 2781 894 2855 edis,
914 2781 991 2844 item
1013 2783 1053 2846 de
1068 2783 1181 2864 porcis,

150 2893 231 2956 item·
242 2893 282 2959 de
298 2893 421 2974 apibus,
442 2891 516 2954 item
532 2893 571 2954 de
587 2893 751 2956 anseribus
767 2900 799 2954 et
812 2892 946 2974 gallinis,
969 2913 1040 2956 curn
1055 2895 1182 2957 subsul-

150 3003 313 3068 tellaribus
329 3005 466 3066 denariis
488 3002 611 3086 plenius
625 3003 856 3086 persolneudis,
876 3004 959 3068 siout
972 3006 1005 3066 in
1019 3005 1116 3070 sacris
1130 3025 1182 3068 ca-

151 3116 288 3180 nonibus
318 3116 496 3180 continetur
518 3137 682 3198 expresse,
713 3117 852 3198 exceptis
872 3118 1047 3182 aratoribus
1068 3119 1182 3182 nostris

151 3226 273 3299 seruis,
304 3225 338 3288 iu
368 3233 475 3289 nestro
505 3227 532 3288 si
558 3227 676 3290 suerint
698 3229 849 3292 duntaxat
877 3229 1031 3310 obsequio
1057 3247 1182 3310 perma-

152 3345 278 3402 nentes.
313 3348 453 3401 cetorum
478 3337 505 3400 si
527 3357 546 3402 a
566 3345 673 3402 nostra
693 3339 796 3420 gracia
818 3340 963 3421 personis
992 3341 1183 3422 quibuslibet

154 3451 383 3522 condonentur,
398 3450 496 3514 iustas
511 3451 544 3512 in
557 3449 702 3514 omnibus
717 3450 856 3513 decimas
871 3458 903 3512 et
915 3451 974 3533 ipsi
989 3451 1182 3532 persoluant.

153 3561 252 3624 ceteri
271 3569 377 3628 autern
399 3581 508 3624 omnes
531 3561 617 3624 serui
638 3561 717 3646 regii
742 3562 795 3624 nel
815 3561 970 3646 reginales
992 3563 1183 3626 condicionis

152 3673 369 3754 cuiuscunque
383 3674 521 3756 integras
536 3673 569 3734 iu
585 3673 729 3736 omnibus
743 3673 807 3736 suis
821 3675 913 3738 bouis
929 3673 1126 3756 persoluent,
1147 3686 1182 3742 ut

153 3790 202 3846 est
224 3783 352 3846 dictum.
380 3785 465 3848 serui
486 3791 591 3846 autem
613 3783 765 3846 nobilium
784 3804 912 3866 prorsus
928 3805 1052 3862 ornnes,
1073 3797 1182 3870 preter

151 3891 222 3955 illos
244 3891 363 3966 solum,
384 3894 437 3976 qui
460 3894 494 3956 iu
513 3894 625 3956 aratris
644 3913 773 3958 snorum
788 3897 987 3960 dominorum
1002 3899 1183 3980 obsequun-

153 4009 213 4078 tur,
236 4022 308 4065 oum
331 4003 370 4066 de
390 4002 451 4066 illis
473 4023 584 4068 eorum
604 4005 723 4068 domini
744 4006 882 4072 decimas
902 4009 1041 4092 integras
1060 4009 1183 4091 persol-

152 4121 247 4189 uant,
274 4115 315 4178 ad
337 4115 474 4198 integras
500 4116 636 4179 decimas
661 4118 889 4200 persoluendas
913 4127 1006 4202 prout
1029 4120 1107 4202 regii
1126 4118 1181 4182 uel

152 4225 312 4322 reqioalcs
332 4226 502 4298 1111111111
519 4226 757 4324 compellantur,
777 4249 838 4298 nec
852 4229 936 4307 enim
950 4231 1050 4306 seruis
1065 4231 1180 4304 1111111
