2904 4754
521 1097 773 1174 nnblstnr
798 1099 866 1172 111.
900 1097 1057 1174 REGIS

621 1285 806 1349 surrenti
827 1285 962 1346 soorrr

323 1452 546 1546 tttttttttl
570 1457 783 1544 trosellus
808 1457 863 1542 llll
888 1455 1048 1542 utstuu
1074 1454 1250 1544 blllllllll

690 1621 891 1682 MCCLXXVl,

604 1777 626 1829 Ε
650 1777 753 1829 schedis
776 1777 977 1829 Podbnraczkii.

355 2074 489 2153 Insuper
501 2090 559 2134 uos
572 2070 681 2134 habito
701 2077 851 2144 tractatu,
874 2071 913 2132 de
928 2068 1058 2132 consilio
1073 2069 1228 2134 baronum
1248 2087 1299 2132 un-

273 2193 424 2258 strorum,
445 2204 485 2248 ex
499 2183 602 2266 gracia
617 2183 828 2246 concessimus
843 2179 987 2263 speciali:

357 2293 401 2377 (1)
422 2303 457 2358 ut
471 2295 498 2357 si
512 2295 565 2376 qui
581 2313 619 2355 ex
637 2292 713 2374 ipsis
732 2293 884 2356 babentes
903 2292 1040 2354 beredes
1061 2291 1112 2353 uel
1134 2293 1298 2373 proximos,

274 2427 330 2488 pro
340 2405 511 2468 homicidio
525 2403 576 2468 uel
591 2402 654 2466 atio
670 2402 774 2484 equali
788 2423 938 2477 excessu,
952 2403 1068 2465 casuali
1083 2401 1135 2464 uel
1150 2401 1298 2475 malefico,

272 2518 326 2580 uel
337 2533 526 2597 quocunque
539 2521 727 2576 nocumento
739 2513 850 2598 grandi
861 2515 1039 2587 commisso,
1051 2533 1108 2596 pro
1116 2514 1299 2578 defensione

273 2645 408 2708 persone
429 2644 486 2686 sue
508 2625 697 2688 recesserint
720 2624 869 2706 sugitine,
891 2625 1036 2688 debonis
1051 2625 1299 2706 etpossessioni

271 2738 329 2800 bus
344 2735 454 2800 talium
467 2755 526 2798 nec
541 2755 598 2818 per
611 2754 682 2809 nos,
707 2755 763 2802 seu
780 2757 836 2817 per
852 2738 985 2800 barones
1000 2745 1142 2810 nostros,
1161 2757 1223 2799 nec
1248 2753 1299 2818 per

271 2849 407 2912 iudicem
421 2867 532 2911 eorum
547 2847 665 2929 aliquid
680 2847 850 2921 auferetur,
862 2849 918 2910 sed
932 2848 1055 2930 integra
1071 2856 1103 2910 et
1115 2847 1204 2910 salua
1218 2847 1300 2929 apud

271 2979 403 3022 uxorem
423 2979 479 3022 scu
495 2959 629 3022 heredes
651 2967 704 3020 aut
718 2959 878 3040 proximos
894 2979 1004 3021 eorum
1019 2967 1236 3032 conseruetur,
1261 2975 1298 3018 ne

272 3071 523 3153 possessionibus
539 3091 648 3133 eorum
663 3070 797 3152 receptis
813 3089 869 3132 seu
884 3069 1049 3144 distractis,
1068 3070 1148 3156 ipsis
1163 3069 1299 3152 fugitiuis

272 3184 426 3244 redeundi
442 3183 570 3244 omnino
586 3203 657 3264 spes
672 3182 809 3255 tollatur,
837 3183 893 3244 sed
910 3191 943 3244 ut
957 3181 1029 3243 lesis
1045 3181 1226 3244 satisfacere
1246 3199 1298 3241 ua-

270 3295 355 3356 leant
370 3296 408 3355 de
420 3293 549 3356 eisdem.
571 3293 597 3352 si
609 3313 685 3354 uero
696 3294 868 3356 heredibus
879 3303 933 3356 aut
943 3293 1092 3376 proximis
1107 3292 1166 3376 ipsi
1179 3291 1298 3374 lugitiui

273 3404 439 3477 caruerint,
462 3405 500 3464 de
516 3403 769 3484 possessionibus
787 3413 818 3466 et
834 3405 923 3466 bonis
939 3423 1047 3465 eorum
1066 3405 1150 3464 ciues
1165 3403 1239 3464 lesis
1252 3422 1298 3464 sa-

270 3515 416 3579 ristacere
436 3522 602 3576 teneantur
623 3516 797 3578 secundum
817 3515 974 3579 commissi
998 3515 1195 3596 qualitatem,
1222 3514 1297 3578 resi·

273 3627 369 3686 duum
383 3644 472 3697 uero,
494 3623 520 3684 si
535 3623 610 3706 quid
625 3624 733 3698 suerit,
754 3627 794 3688 ad
809 3647 888 3708 opus
904 3625 996 3690 castri
1010 3627 1164 3690 Budcnsis
1183 3646 1299 3709 expeu-

272 3737 372 3796 datur.

353 3841 397 3925 (2)
419 3845 451 3906 Si
472 3865 550 3906 uero
571 3846 724 3928 quispiam
750 3869 789 3910 ex
810 3849 960 3929 predictis
984 3847 1159 3930 hospitibus
1184 3849 1296 3912 nostris

269 3957 433 4018 intestatus
455 3957 641 4032 decesserit,
663 3961 878 4038 possessiones
902 3969 933 4022 et
953 3960 1037 4022 bona
1056 3960 1164 4021 talium
1185 3959 1297 4022 intres

270 4075 376 4150 partes
393 4066 579 4141 diuidantur,
596 4074 626 4128 et
640 4089 703 4132 una
718 4069 922 4132 distribuatur
937 4089 994 4152 per
1007 4071 1226 4152 eleemosynas
1240 4088 1297 4151 pro

269 4176 410 4241 remedio
425 4176 527 4238 anime
541 4176 733 4254 decedentis,
756 4180 817 4242 due
838 4200 917 4242 uero
932 4189 1036 4262 partes
1051 4182 1092 4246 ad
1105 4180 1302 4244 munimenta

272 4296 304 4353 et
318 4285 441 4352 edificia
455 4287 547 4350 castri
559 4289 712 4355 Budcnsis
726 4299 940 4356 reseruentur.
