2920 4758
298 439 358 508 tta
462 463 549 508 arne
571 463 612 508 tv.
633 461 724 508 necta
749 461 954 509 conorrtorms
977 461 1165 509 nosocomus

296 623 406 698 utpote
426 617 562 699 regiam,
584 635 654 678 cum
676 615 761 678 omni
785 617 891 678 dehita
914 615 1104 691 ethonore,
1126 618 1205 680 sicut
1220 617 1318 692 decet,

298 727 457 788 rumiliac
474 727 710 800 accesserimus,
733 747 803 789 eum
819 728 883 788 suis
898 727 1020 790 deliciis
1035 727 1244 791 honorabunt

380 837 428 919 (i)
451 839 598 903 Preterea
614 839 778 901 statuimus
792 847 827 900 ut
841 839 935 900 iidem
951 837 1095 900 homines
1113 857 1184 899 cunr
1194 848 1320 920 quatuor
1429 881 1431 904 2

298 949 445 1013 militibus
472 949 609 1013 loricatis
635 951 716 1014 bene
746 951 920 1032 preparatis
953 969 990 1012 ac
1021 951 1172 1012 decenter
1193 952 1321 1025 armatis,
1430 983 1431 986 ¹

298 1083 369 1124 cum
392 1063 520 1125 totidem
540 1061 628 1144 equis
651 1063 725 1124 satis
744 1059 886 1123 honestis
909 1069 940 1123 et
961 1061 1129 1142 coopertis,
1150 1081 1187 1124 ac
1206 1063 1320 1125 duobus

297 1172 439 1236 tentoriis
465 1173 524 1234 sub
552 1181 660 1234 nostro
687 1171 802 1252 uexillo
829 1171 960 1233 militare
986 1151 1168 1245 teneantur,
1206 1183 1321 1236 etcum

298 1284 412 1346 nostris
427 1283 575 1347 militibus
590 1303 653 1345 non
669 1285 700 1344 in
717 1284 865 1347 societate
881 1329 889 1344 .
905 1328 913 1344 .
930 1328 957 1344 ..
979 1285 1134 1346 baronum
1149 1294 1321 1347 nostrorum
1430 1331 1431 1362 ,

1429 1367 1431 1400 t

299 1395 491 1458 descendere
506 1403 681 1460 teneantur.

381 1504 424 1589 (5)
448 1509 576 1570 Terram
595 1513 716 1581 autem,
738 1527 831 1589 quam
847 1527 886 1570 cx
902 1507 1077 1569 donacione
1093 1516 1323 1570 antecessorum
1430 1505 1431 1558 ἶ

298 1629 479 1684 nostrorum
493 1619 719 1702 possederunt,
734 1619 792 1680 suh
806 1619 925 1681 eisdem
942 1617 1033 1681 metis
1047 1628 1078 1681 et
1093 1619 1243 1692 terminis,
1259 1621 1322 1703 qui-
1430 1625 1431 1632 ³

298 1733 356 1794 bus
377 1733 436 1793 sub
452 1731 580 1812 antiquo
596 1738 781 1804 tenuerunt,
802 1749 880 1812 pace
897 1739 1050 1812 perpetua
1066 1730 1185 1793 eisdem
1202 1731 1323 1813 reliqui·
1430 1767 1431 1772 κ

299 1862 368 1902 mus
387 1841 630 1922 possidendam,
652 1859 711 1902 nec
733 1840 834 1903 eciam
854 1842 893 1903 de
915 1842 1001 1914 uino,
1023 1843 1108 1924 quod
1132 1844 1171 1904 de
1196 1843 1322 1923 propriis

299 1952 400 2014 uineis
416 1973 525 2014 eorum
547 1948 627 2014 infra
650 1961 747 2014 metas
767 1959 849 2014 terre
872 1972 982 2014 eorum
1005 1953 1095 2014 cultis
1110 1953 1205 2015 fuerit
1220 1954 1323 2015 uinde-

301 2063 445 2136 miatum,
466 2062 583 2124 tributa
599 2061 789 2143 persoluent.

323 2215 327 2244 2
380 2175 493 2238 Datum
508 2171 631 2236 in'uitla
646 2175 803 2236 Saxonum
820 2176 861 2238 de
874 2176 993 2248 Erkod,
1015 2195 1097 2238 anno
1113 2177 1266 2239 dominice
1280 2177 1322 2237 in·
1430 2237 1431 2252 ,

299 2286 491 2350 carnarionis
518 2283 685 2346 millasimo
708 2285 925 2348 ducentesimo
948 2286 1107 2367 trigesimo
1128 2295 1252 2350 octauo.
1278 2307 1321 2348 so·
1430 2277 1431 2332 Ῑ

297 2399 401 2460 cundo
415 2397 487 2458 idus
501 2396 673 2458 Februarii.
701 2397 790 2478 regni
805 2405 910 2460 autem
926 2398 1025 2460 nostri
1040 2415 1122 2460 anno
1139 2401 1245 2462 tercio.

643 2827 758 2910 atta
782 2825 837 2912 tt.
859 2827 981 2910 natta

378 2988 710 3053 commutamus
729 2989 1038 3052 Popononttm
1060 2987 1243 3051 catsant

651 3099 967 3164 GEURIENSIS·
1263 3101 1265 3106 ’
1303 3097 1306 3103 ’

648 3309 651 3316 ,
737 3240 888 3304 MCCXL.

562 3380 745 3433 E‘transumto
763 3381 852 3432 carati
869 3382 890 3434 t.
909 3395 975 3432 enno
995 3380 1072 3438 131&

709 3519 916 3535 m-

380 3623 455 3687 Bela
472 3625 523 3687 dei
538 3625 641 3706 gracia
657 3623 834 3706 ilungarie,
856 3624 1030 3698 Dalmacie,
1053 3625 1198 3697 Croacie,
1219 3623 1316 3694 Ramc,
1424 3679 1426 3712 ,

298 3736 424 3810 Seruis,
453 3735 597 3811 Gallicie,
623 3735 812 3800 Lodornerie
837 3735 1051 3818 Cumanieque
1075 3757 1141 3798 rex.
1174 3708 1316 3798 Omnibus
1423 3715 1426 3836 J

296 3847 411 3910 Christi
430 3847 575 3910 fidelibus
599 3855 780 3929 presentem
800 3849 946 3930 paginam
967 3848 1172 3930 inspecturis,
1194 3847 1315 3910 salutem

295 3959 329 4020 in
344 3958 471 4020 domino
486 3959 556 4020 Iesu
574 3957 707 4021 Christo.

378 4069 426 4131 Ad
441 4067 661 4132 uniuersorum
684 4071 833 4133 noticiam
854 4071 967 4133 harum
987 4071 1069 4134 serie
1092 4071 1238 4134 uolumus
1253 4091 1316 4152 per-

296 4182 424 4256 uenire,
445 4181 532 4263 quod
552 4189 624 4263 post
644 4181 794 4263 adeptum
813 4183 874 4246 deo
896 4183 1039 4264 propicio
1062 4183 1152 4264 regni
1172 4183 1315 4264 regimen,
1332 4228 1334 4237 .

297 4295 442 4362 uidentes
455 4294 488 4360 in
498 4293 659 4382 ohsequiis
671 4293 876 4360 castrensium
890 4291 1094 4370 interuenire,
1107 4293 1315 4358 confasionem

1408 4349 1423 4732 t
