3048 4760
531 1043 790 1132 asarmot.
823 1049 946 1134 asota

298 1183 563 1316 umuuuas
588 1197 864 1317 uosrmuu
896 1229 968 1305 ua
992 1226 1180 1322 rosor,

659 1380 823 1446 Mccxet.

432 1533 617 1587 Etrorrsumto
635 1537 752 1588 Matthiae
768 1539 789 1590 1.
808 1537 880 1606 regis
896 1543 956 1592 arm.
975 1539 1045 1594 ttot.

626 1690 858 1706 m

308 1795 450 1858 Andreas
478 1795 530 1860 dei
558 1797 664 1880 gracia
691 1797 870 1882 Burgum,
902 1797 1077 1880 Dalmaoie,
1109 1777 1256 1880 Croaoie}

227 1907 340 1980 Rama,
362 1906 486 1983 Seruio,
501 1907 648 1983 Gallioie,
662 1909 866 1986 tornuerre,
882 1909 1030 1986 Comanis
1044 1908 1255 1994 Balgarieque

226 2035 298 2090 rex,
311 2017 458 2082 omuibus
474 2017 588 2084 Christi
601 2018 748 2085 fidelibus
760 2028 926 2102 presentes
940 2019 1046 2097 literas
1059 2021 1258 2101 inspecturis

226 2126 359 2193 satutem
381 2128 413 2190 in
435 2129 576 2210 omnium
597 2128 764 2212 saluatore.
781 2130 891 2214 ¹Regio
906 2129 1105 2212 sublimitatis
1125 2131 1258 2210 immen-

227 2238 311 2312 sitas,
333 2237 424 2308 ouius¹
443 2248 490 2304 est
507 2241 541 2328 in
563 2240 777 2304 subiectorum
798 2249 830 2302 et
848 2239 1039 2326 populorum
1060 2239 1257 2304 multitudine

226 2347 370 2432 gloriari,
397 2351 478 2414 solet
497 2369 627 2434 suorum
650 2348 784 2414 formam
804 2350 1016 2428 subiectorum
1038 2347 1205 2439 libertatis,
1226 2353 1258 2433 et

227 2460 423 2546 solucionum
435 2482 604 2524 numerum
617 2452 861 2528 misericorditer
872 2461 1028 2524 moderari
1036 2508 1045 2550 2
1060 2468 1095 2524 ut
1108 2481 1257 2546 numerus

227 2572 415 2658 populorum
438 2573 507 2642 eius
528 2581 690 2658 augeatur,
716 2573 893 2652 frueueium
908 2583 993 2638 certa
1014 2575 1096 2658 lege.
1123 2574 1258 2662 proinde

227 2686 270 2748 ad
283 2686 505 2748 uniuersorum
527 2686 674 2748 noticiam
696 2686 807 2748 harum
823 2687 904 2750 serie
920 2687 1065 2750 uolumus
1074 2687 1259 2774 peruenire,

228 2796 320 2882 quod¹
331 2815 401 2857 eum
415 2795 557 2878 hospites
574 2795 673 2860 nostri
688 2797 727 2860 de
743 2797 869 2862 ciuitate
884 2796 1085 2872 Posoniousi,
1106 2815 1164 2880 per
1177 2795 1260 2858 seui-

229 2906 310 2968 oiam
324 2923 383 2968 seu
395 2905 510 2973 suriam
521 2907 808 2982 Theutooieorum,
822 2915 964 2990 ternpore
979 2924 1091 2988 guerre
1106 2907 1189 2968 inter
1203 2905 1260 2968 do-

229 3015 348 3080 minum
371 3035 480 3103 rogem
494 3015 693 3091 Ladislaum,
716 3017 843 3080 fratrem
866 3025 1008 3103 nostrum
1031 3015 1206 3099 patruelem
1229 3022 1262 3077 et

229 3147 338 3210 regern
355 3129 545 3192 Boemorom
567 3128 691 3204 habite,
718 3149 777 3192 neo
797 3149 862 3194 uon
884 3149 941 3212 per
961 3128 1123 3193 otbertum
1147 3128 1260 3192 ducam

229 3238 353 3306 Austris
369 3247 401 3304 et
414 3239 506 3304 Stirie
521 3240 656 3324 dispersi
670 3241 862 3314 extitissent,
884 3247 914 3302 et
928 3239 961 3302 in
973 3238 1188 3324 combustione
1200 3239 1261 3319 xdo-

230 3370 352 3415 morum
364 3372 509 3427 suarum,
530 3372 566 3416 aa
580 3353 614 3416 in
628 3351 795 3416 amissione
811 3352 944 3416 aliorum
959 3353 1117 3416 bonorum
1130 3370 1260 3442 suorum

226 3482 378 3543 maguum
402 3466 551 3528 damnum
576 3464 717 3546 perpessi
742 3465 891 3538 tuissent,
921 3465 1062 3546 ipsorum
1088 3483 1261 3546 congrega,-

225 3575 315 3646 ¹aioni
333 3575 498 3660 inuigilare
520 3577 699 3658 cupientes,
721 3585 755 3640 ut
776 3577 957 3660 congregati
979 3577 1105 3643 ualeant
1124 3596 1262 3640 commo-

231 3685 310 3760 rari,
332 3693 363 3750 et
386 3689 599 3772 congregandi
620 3689 820 3752 securitatem
843 3688 1055 3752 omnimodam
1076 3688 1262 3756 habeantet

231 3797 394 3872 seniendi,
416 3799 497 3862 hano
513 3821 552 3862 ex
566 3801 654 3882 regia
670 3799 854 3862 iiberalitate
870 3807 902 3861 et
916 3798 1136 3862 munificencia
1150 3799 1262 3888 statui-

232 3929 301 3975 mus
313 3909 492 3988 iibertatem
511 3919 541 3976 et
556 3913 694 3996 graciam
709 3911 854 3975 duximus
869 3910 1054 3976 faciendam.

314 4024 372 4098 (1)
395 4023 488 4097 Quod
503 4022 642 4089 uillicum
657 4043 714 4086 seu
729 4021 865 4088 iudioem
879 4021 961 4088 iuter
972 4041 1020 4099 se,
1034 4042 1052 4085 a
1066 4022 1147 4086 festo
1163 4022 1262 4088 sancti

232 4132 359 4219 Georgii
381 4133 517 4198 martiris
538 4135 699 4216 usquead
721 4133 795 4199 amri
809 4134 1044 4199 reuoluoiouem
1060 4133 1262 4207 duraturum,

233 4243 351 4327 eligant
370 4245 410 4308 de
426 4243 599 4321 communi,
620 4244 674 4328 qui
688 4264 798 4309 omnes
813 4265 923 4310 causas
937 4245 1095 4330 ipsorum,
1116 4253 1147 4310 et
1162 4241 1262 4309 eciam
