3048 4760
265 455 326 521 636
367 471 629 549 cossrrrnrronrs
643 472 858 518 nuurosuu
871 471 914 516 rr
927 469 1086 518 aonrnrnu.
1109 455 1202 519 taos.

266 631 306 694 ad
325 631 495 693 exercitum
514 628 634 692 domini
654 625 739 711 regis
759 627 869 688 uenire
888 609 1044 688 teneatur.
1077 627 1131 708 qui
1146 625 1172 688 si
1186 627 1298 690 uenire

266 740 445 813 obmiserit,
467 759 532 802 non
545 740 586 802 ad
600 738 692 820 plura
706 737 839 810 iudicia,
860 758 917 800 seu
932 735 1116 820 grauemiue
1132 737 1300 811 exercitus,

265 859 373 935 preter
388 852 427 914 ad
443 871 539 914 unum
555 841 648 912 simul
662 869 772 911 omnes
787 855 963 912 teneantur.
1000 833 1003 840 ¹
1056 918 1060 926 ⁵

350 958 416 1043 (ab)
437 963 514 1025 Item
541 959 713 1033 statuimus,
739 967 773 1022 ut
793 961 880 1022 curia
902 957 1021 1021 domini
1043 959 1127 1042 regis
1147 957 1300 1022 honorili-

268 1074 394 1137 cenoius
412 1072 480 1154 regi
495 1073 612 1154 possit,
633 1079 665 1134 et
679 1090 810 1150 regnum
823 1069 986 1151 ilungarie
1001 1069 1170 1131 decenoius
1185 1069 1301 1150 guber·

267 1187 352 1261 nari,
374 1185 519 1248 dominus
534 1191 641 1246 noster
655 1203 712 1245 rex
725 1181 855 1273 singulis
877 1179 978 1244 tribus
995 1181 1174 1254 mensibus,
1194 1181 1302 1264 singu·

266 1297 316 1360 los
338 1298 418 1360 duos
439 1295 616 1376 episcopos,
637 1296 813 1358 secundum
836 1293 1032 1376 exigenciam
1052 1293 1181 1366 ordinis,
1201 1313 1301 1356 unum

270 1409 309 1472 de
334 1407 538 1490 suffraganeis
558 1406 796 1490 strigoniensis,
818 1393 858 1468 et'
874 1404 1008 1467 alterum
1030 1405 1070 1467 de
1094 1405 1300 1486 suffraganeis

271 1519 453 1586 Colocensis
474 1515 625 1591 ecclesie,
656 1517 851 1597 totidemque
875 1525 907 1579 et
931 1517 1021 1600 quasi
1046 1537 1155 1578 omnes
1179 1515 1302 1579 nobiles

270 1631 374 1712 regni,
401 1649 481 1712 quos
505 1649 545 1691 ex
565 1647 650 1689 nunc
671 1611 841 1711 elegimus,
868 1645 976 1690 seeum
996 1611 1126 1700 babeat,
1153 1625 1301 1708 congruis

273 1739 445 1822 stipendiis,
467 1739 506 1802 de
520 1739 604 1800 bono
620 1739 708 1818 regio
719 1738 951 1800 sustentandos.
974 1743 1006 1799 et
1020 1737 1046 1798 si
1059 1737 1144 1799 idem
1157 1735 1302 1798 domiuus

271 1872 328 1914 rex
347 1851 409 1912 boc
427 1851 531 1912 iacere
546 1849 724 1924 obmiserit,
745 1850 900 1932 quidquid
922 1857 1029 1930 preter
1043 1846 1207 1912 consilium
1230 1868 1303 1930 pre·

188 1991 191 1994 ·
273 1963 426 2026 dictorum
444 1962 504 2026 sibi
519 1959 795 2044 applicandorum,
815 1961 848 2023 in
864 1959 1108 2035 donacionibus,
1129 1961 1251 2035 arduis,
1271 1967 1304 2024 et

273 2074 475 2158 dignitatibus
490 2073 700 2149 conferendis,
722 2074 820 2136 nolin
835 2074 902 2136 aliis
917 2074 1088 2136 maioribus
1102 2073 1223 2148 lecerit,
1238 2092 1302 2135 non

273 2196 412 2252 teneant.
696 2169 699 2176 ¹
1265 2169 1270 2182 ’

357 2297 421 2382 (21)
444 2301 612 2364 Statuimns
635 2301 752 2375 eciam,
773 2301 859 2384 quod
874 2300 1000 2362 domina
1020 2299 1130 2382 regina
1144 2296 1304 2382 Hungario

275 2412 380 2478 debite
398 2409 556 2492 diguitatis
575 2409 710 2478 culmino
732 2413 871 2494 gaudere
894 2411 1011 2493 possit,
1033 2411 1119 2473 curia
1133 2430 1190 2472 sua
1204 2409 1305 2492 digni-

273 2521 388 2586 tatibus
403 2501 584 2594 ethonore,
603 2522 637 2584 in
656 2523 799 2605 personis
814 2523 1037 2606 Hungarorum
1051 2509 1218 2596 nobilium,
1240 2539 1304 2582 non

274 2653 354 2698 uero
375 2611 621 2714 alienigenarum
649 2634 860 2715 solempnius,
888 2633 970 2696 sicut
992 2632 1101 2706 debet,
1129 2632 1303 2695 ordinetur.

276 2753 308 2812 et
328 2754 362 2809 ut
383 2745 479 2808 curia
490 2745 633 2808 eiusdem
648 2726 774 2809 domine
789 2745 898 2826 regine
914 2735 1083 2808 decenoius
1098 2730 1303 2828 gubernetur,

275 2835 430 2941 quosdam
451 2842 570 2920 electos
591 2876 610 2918 a
631 2857 759 2919 domiuo
774 2875 848 2939 rege
863 2857 998 2918 barones
1018 2857 1088 2938 ipsa
1108 2855 1236 2918 domina
1254 2874 1305 2916 re-

276 2969 350 3052 gina
368 2969 486 3032 habere
507 2963 665 3032 teneatur,
690 2976 721 3030 et
743 2967 861 3050 regalia
883 2988 940 3030 seu
961 2967 1113 3050 reginalia
1126 2967 1158 3030 in
1172 2965 1305 3039 tributis,

276 3101 334 3143 seu
354 3080 528 3154 tricesimis,
551 3079 723 3169 cumomni
744 3079 921 3160 integritate
944 3064 1063 3160 percipi
1085 3075 1217 3158 possint.
1242 3083 1305 3138 sta·

276 3195 390 3270 luimus
403 3201 448 3254 >ut
472 3191 577 3254 omnia
600 3191 732 3264 tributa,
762 3210 779 3252 a
800 3197 941 3272 tempore
961 3189 1044 3271 regis
1065 3185 1204 3251 Ladislai
1225 3185 1305 3248 lacta

277 3303 403 3386 penitus
419 3285 594 3376 deleantur,
616 3287 842 3383 etquicunque
864 3319 916 3363 res
939 3297 1059 3382 aliquas
1079 3299 1112 3360 in
1126 3295 1306 3360 huiusmodi

279 3413 389 3478 deletis
405 3413 527 3476 tributis
542 3411 679 3472 retinere
695 3411 961 3492 presumpserint,
975 3408 1167 3473 sentenciam
1177 3426 1307 3497 excom·

278 3523 501 3586 mnnicacionis
523 3521 694 3592 incurrant.
721 3521 937 3602 possessiones
958 3541 1036 3584 uero
1055 3540 1112 3584 seu
1134 3528 1233 3594 terre,
1255 3517 1308 3580 ubi

279 3632 459 3702 huiusmodi
483 3631 590 3694 illicita
608 3633 786 3714 exiguntur,
815 3633 856 3694 ad
875 3633 923 3694 ins
941 3631 1064 3714 regium
1087 3629 1309 3694 deuolnantur.

363 3739 431 3824 (22)
455 3743 623 3806 Statuimns
635 3743 791 3826 siqnidem
802 3750 833 3804 et
843 3750 997 3824 perpetuo
1010 3743 1114 3804 edicto
1125 3740 1309 3812 stabilimus,

282 3856 367 3939 quod
388 3856 573 3918 ecclesia-
586 3864 704 3917 -tam
725 3855 757 3916 in
778 3843 881 3936 capite
897 3874 992 3937 quom
1014 3855 1046 3914 in
1069 3853 1218 3915 membris
1234 3865 1310 3932 gau·

282 3969 358 4032 dere
379 3967 483 4031 ualeat
502 3967 567 4030 suis
588 3967 793 4031 libertatibus
820 3967 890 4028 iura
911 3965 1011 4028 eciam
1034 3965 1225 4040 ordinamur,
1246 3965 1309 4026 imo

283 4081 323 4144 ab
346 4079 474 4162 antiquo
496 4078 639 4143 ordinata
661 4074 865 4152 declaramus,
893 4085 944 4153 ut,
965 4084 1109 4160 tempore
1130 4061 1309 4138 uacacionis

282 4193 366 4255 bona
380 4199 412 4256 et
422 4191 637 4275 possessiones
648 4181 868 4266 ecclesiarum,
882 4209 947 4254 nou
959 4175 1018 4273 per
1030 4189 1192 4253 dominum
1201 4183 1312 4270 regem

285 4305 338 4368 uel
352 4305 391 4369 ab
406 4323 445 4370 eo
459 4305 606 4383 missum,
626 4325 686 4370 neo
699 4323 757 4390 per
772 4323 827 4368 eos
843 4304 896 4388 qui
911 4323 945 4367 se
965 4289 1129 4369 nominant
1147 4297 1312 4386 parocbia·
