2920 4758
153 439 289 484 ennaea
310 439 343 482 n.
364 435 455 484 nanis
482 437 632 482 arcanus
652 435 955 482 onrnnarcvanoamr.
998 422 1087 484 im
1129 421 1192 484 too

153 593 242 656 intra
262 611 370 656 muros
392 590 526 653 ciuitatis
546 591 667 654 nulium
691 589 809 669 possint
828 589 1019 671 hospicium,
1049 591 1108 654 uisi
1124 591 1188 654 cuia

154 701 298 782 propriis
314 699 461 780 expensis
475 703 508 760 et
522 715 592 761 cum
607 699 723 762 ciuium
737 699 917 762 uoluntate.¹

242 809 282 871 Ut
304 809 400 890 igitur
420 808 553 889 predicti
574 808 684 872 ciuitas
707 817 738 870 et
759 809 844 872 ciues
865 811 953 874 Noae
980 811 1137 876 immunes
1158 821 1191 876 et

155 920 265 984 securi
285 925 441 1000 perpetuo
460 928 681 1000 permaneant,
701 939 761 982 nec
781 919 845 982 ulio
866 939 1018 1001 processu
1038 925 1190 1003 temporis

155 1032 289 1095 ualeant
312 1031 455 1111 predicto
484 1030 661 1104 retractari,
689 1045 820 1111 presens
849 1031 1064 1114 priuiiegium‚
1091 1034 1190 1096 nostri

156 1140 254 1222 sigilii
268 1141 670 1204 caracterecommunitum
688 1139 764 1221 ipsis
780 1141 924 1204 duximus
939 1132 1189 1206 conceiiendum.

157 1254 267 1316 datum
284 1273 340 1335 per
354 1271 465 1314 manus
480 1251 621 1314 Gotfredi
637 1252 820 1316 Orodiens'is
834 1253 996 1334 prepositi,
1018 1255 1088 1316 aule
1104 1255 1188 1336 regie

158 1365 355 1438 canceltarii,
377 1383 459 1426 anno
475 1365 516 1426 ab
529 1365 750 1426 incarnacione
764 1365 882 1426 domini
896 1365 937 1426 Μ.
949 1365 1008 1428 CC.
1022 1366 1066 1425 vo
1084 1365 1190 1429 Anien·

158 1475 209 1538 dis
235 1477 377 1557 Augusti.
409 1474 581 1538 uenerabiii
605 1476 721 1538 Ioanne
747 1475 923 1538 Colociensi
952 1475 1188 1558 archiepiscopo

160 1589 333 1660 existente,
356 1586 472 1648 Caleno
497 1587 828 1668 Quinqncecciesiensi
852 1587 1002 1668 episcopo
1025 1589 1189 1669 etStrigo-

157 1699 264 1762 niensi
278 1699 390 1771 eiecto,
409 1697 553 1760 BoiesIao
566 1697 757 1778 Wachyensi
772 1697 939 1778 episcopo,
961 1697 1099 1762 Caianda
1112 1700 1189 1760 We-

158 1808 340 1890 sprimiensi
354 1809 514 1888 episcopo,
536 1807 696 1870 Gothardo
718 1809 928 1889 Zagrabiensi
940 1809 1106 1890 episcopo,
1126 1811 1189 1873 De·

157 1919 276 1982 siderio
301 1916 510 1979 Chenadiensi
533 1917 699 1998 episcopo,
731 1917 856 1980 Simone
877 1917 1078 1982 Warediensi
1107 1921 1189 2002 epis·-

159 2044 261 2108 copo,
284 2024 466 2110 Wyihaimo
485 2025 700 2110 Uitrasyluano
731 2027 895 2108 episcopo,
924 2030 1016 2090 Petro
1038 2031 1187 2092 [auriens.

159 2139 273 2212 eiecto,
294 2139 422 2202 Nicoiao
437 2137 573 2220 palatino
589 2138 750 2203 accomite
766 2139 920 2212 Nitriensi,
934 2141 1089 2202 Mercurio
1104 2143 1187 2203 bano

160 2271 196 2312 uc
212 2250 390 2331 Simigiensi
405 2250 538 2324 comite,
559 2251 731 2331 smaragdo
754 2249 864 2312 curiali
880 2252 992 2312 comite
1009 2269 1046 2314 ac
1060 2253 1188 2314 Szolno-

158 2363 278 2435 iriensi,
299 2361 446 2442 Gyrkone
459 2361 645 2443 Bykoriensi
660 2361 788 2436 comite,
810 2363 960 2443 Chepano
975 2363 1141 2426 Baohiensi
1155 2371 1188 2426 et

158 2473 334 2538 Benedioto
346 2474 555 2554 Budrugiensi
571 2474 694 2536 comite.

552 2713 802 2738 W*

460 2919 658 3002 *rmnrn
683 2919 724 3002 n.
751 2919 872 3002 mon

516 3055 833 3196 LlssEltTAs

195 3285 402 3349 HOSPITUM
423 3288 475 3348 DE
497 3287 626 3349 VILLIS
647 3285 953 3348 ULTRASILUANIS
978 3286 1154 3361 KARAKO,
1188 3304 1190 3310 ’

423 3391 714 3461 CHRAPUNDORF
738 3399 791 3460 ET
812 3398 929 3461 RAMS.

596 3622 598 3628 y
623 3557 726 3602 mccvi.

313 3679 353 3730 Ex
368 3680 515 3746 apographo
534 3678 638 3746 capituli
656 3677 778 3730 Aliensis
795 3678 821 3728 in
839 3677 1032 3730 'l'ransiivenic

577 3815 775 3828 m

242 3920 386 3986 Andreas
415 3914 466 3986 dei
493 3923 599 4005 gracia
626 3922 803 4006 Hungarie,
834 3923 1010 3998 Delmaoie,
1041 3925 1187 4000 Groacie,

159 4035 276 4110 Rome,
297 4035 425 4110 Seruio,
447 4035 573 4098 Gallicie
588 4035 837 4117 Lodomerieqne
856 4056 915 4100 rex
934 4037 968 4098 in
991 4045 1187 4119 perpetuum.

207 4160 209 4166 ’
243 4148 322 4210 Cum
342 4147 429 4230 regie
451 4147 771 4212 serenitatis‘intersit
789 4148 1013 4211 uniuersorum
1031 4147 1188 4230 regnisoi

159 4256 337 4344 hospitum,
358 4277 421 4348 qua
441 4259 579 4344 benigna
597 4257 668 4325 illos
690 4264 802 4328 nature
816 4277 927 4326 manus
941 4256 1066 4336 bennit,
1086 4254 1191 4322 illiba,
