2920 4758
270 401 333 468 teu
550 409 682 467 uuum
699 417 738 466 n.
758 413 1022 464 annumeres

353 575 414 648 (e)
434 571 561 636 Nunciis
581 588 661 636 uero
675 587 757 654 quus
775 568 863 652 regin
880 570 1027 634 meieutne
1043 569 1084 634 eti
1097 569 1200 637 nicam
1217 569 1308 634 cciii-

270 685 406 766 gendnm
425 681 585 755 intuerit,
607 680 741 763 singuiis·
759 680 871 742 diebus
886 678 1001 762 quibus
1020 678 1063 744 tui
1086 696 1206 742 morem
1220 680 1307 744 iece-

269 795 347 868 nut,
378 801 442 858 tues
463 793 586 856 intonen
607 809 666 874 pru
689 809 801 856 eccum
821 787 968 872 expensis
982 788 1189 856 estune-neu
1213 806 1307 854 rccu-

272 911 352 970 fflff·
432 939 434 946 .

353 1017 410 1092 (6)
431 1015 545 1080 iiiiites
568 1033 648 1080 uenc
660 1013 826 1096 quingenti
848 1012 931 1074 intre
948 1029 1083 1092 regnum
1098 1011 1234 1094 etucgni
1247 1031 1306 1074 cx·

270 1127 468 1209 {sedicionem
482 1127 685 1208 deputentur,
706 1131 795 1187 extre
809 1137 886 1186 ucro
900 1139 1033 1204 reguum
1049 1129 1192 1196 centum,
1206 1123 1232 1185 si
1246 1141 1305 1186 rex

269 1240 302 1302 in
325 1239 455 1322 propriu
477 1253 612 1319 perenne
635 1235 739 1298 inerit.
771 1233 899 1296 sineru
920 1249 961 1295 ex
981 1251 1082 1316 regnu
1103 1233 1303 1314 icbugicncm

269 1349 405 1422 miserit,
426 1348 494 1412 siue
515 1347 548 1408 iu
568 1345 757 1410 uututurium
773 1342 943 1415 eminisci,
965 1343 1033 1404 siue
1048 1343 1080 1404 in
1097 1343 1232 1424 propriis
1245 1359 1305 1406 ne·

269 1459 377 1542 guciic,
391 1457 617 1540 quinquaginta
630 1454 847 1519 tantummode
861 1453 1113 1516 miiitectuittere
1127 1459 1304 1519 teneantur.

354 1573 411 1645 (⁷)
432 1570 620 1632 Sacerdotes
639 1585 719 1630 uere
732 1584 806 1629 suus
827 1564 927 1630 iibere
942 1565 1059 1647 etigunt
1073 1571 1105 1628 et
1119 1565 1304 1630 eiectos-re·

269 1688 470 1764 presentent,
491 1689 523 1742 et
543 1677 619 1760 ipsis
640 1678 778 1740 decimes
801 1677 998 1758 persulcant,
1020 1678 1110 1742 etde
1132 1679 1216 1740 omui
1231 1678 1303 1742 iure

270 1791 484 1856 ecclesiastico
506 1789 682 1852 secundum
704 1789 866 1871 antiquum
888 1789 1148 1854 consuetudinem
1168 1806 1304 1871 respun-

271 1903 375 1966 deant

351 2013 408 2088 (8)
430 2012 580 2078 Uciumue
599 2012 699 2076 eciem
718 2031 755 2074 uc
776 2011 908 2078 fiumitcr
922 2011 1122 2094 precipimus,
1143 2019 1302 2095 quatenus

268 2123 463 2191 ilicsnuliue
485 2123 619 2197 iudicet,
641 2123 701 2186 nisi
716 2141 774 2184 nce
789 2123 841 2186 uni
856 2141 963 2184 comes
978 2121 1182 2196 cibiniensis,
1204 2141 1301 2205 quem

270 2255 329 2298 nus
344 2235 389 2298 cis
404 2235 475 2298 loco
490 2243 521 2298 et
535 2243 677 2315 tempure
693 2233 929 2299 constituemus.
963 2233 991 2296 si
1006 2252 1082 2296 uero
1097 2251 1204 2295 cenum
1219 2253 1300 2316 quc·

271 2365 394 2430 cunque
412 2345 515 2409 indice
529 2343 756 2418 remanserint,
776 2343 992 2409 tautummodo
1006 2343 1158 2406 iudicium
1174 2343 1302 2407 ordiun-

269 2457 350 2521 n'um
364 2456 511 2518 reddere·
521 2463 698 2518 teneantur.
727 2473 787 2518 uec
803 2473 858 2517 ecs
873 2454 971 2516 eciem
984 2452 1099 2535 uliquis
1114 2453 1155 2516 ed
1168 2471 1301 2536 pncscn-

270 2568 351 2630 ctum
372 2575 511 2631 nestrum
534 2566 632 2630 citurc
652 2573 829 2648 presumat,
857 2564 918 2628 nisi
933 2583 1028 2630 ceusu
1047 2584 1158 2628 scium
1177 2583 1236 2628 suu
1250 2566 1301 2628 iu·
1331 2626 1338 2632 .

270 2679 340 2742 dice
354 2697 419 2742 non
435 2678 716 2759 pescenninum.
810 2715 812 2722 ·

352 2791 409 2865 (9)
423 2791 531 2854 Preter
541 2809 636 2872 eupnu
653 2791 739 2852 dicta
748 2787 1038 2852 siluumBlacorum
1053 2795 1085 2852 ct
1095 2789 1301 2852 Bisscuurum

269 2921 340 2964 cum
361 2903 466 2984 equus,
487 2921 563 2964 usus
582 2922 765 2964 communes
786 2901 964 2964 exercendo
983 2919 1054 2964 cum
1075 2900 1224 2982 predictis
1239 2901 1301 2962 sci-

267 3011 342 3076 licet
355 3013 455 3078 Blncis
470 3021 502 3076 et
514 3011 663 3086 Bissenis,
685 3013 804 3076 eisdem
817 3010 1017 3085 contutimus,
1038 3019 1072 3074 ut
1087 3011 1208 3092 prefate
1222 3029 1301 3092 guu-

269 3123 382 3187 dentes
394 3123 555 3195 libertatec
575 3122 652 3184 nulii
666 3123 741 3187 inde
756 3119 875 3184 semiue
895 3128 1069 3184 teneamur.

350 3236 430 3310 (10)
451 3234 585 3314 iusuper
599 3233 719 3296 eisdem
732 3232 950 3294 concessimus
961 3233 1047 3314 qnod
1069 3232 1195 3294 unicum
1210 3231 1299 3313 sigil-

267 3345 331 3410 lum
351 3345 505 3417 habeant,
527 3345 612 3425 quod
631 3343 716 3426 apud
735 3363 793 3408 nos
807 3351 839 3406 ct
854 3351 1013 3428 magnetes
1028 3331 1152 3408 nostros
1168 3343 1299 3406 eunden·

267 3464 317 3520 ter
330 3462 549 3538 cognoscatur.
768 3443 773 3452 ’

350 3567 430 3641 (11)
453 3565 485 3630 si
506 3583 583 3628 uero
607 3564 718 3647 aliquis
740 3585 850 3628 cerum
872 3564 1007 3647 aliquem
1026 3565 1195 3628 conuenire
1217 3565 1297 3630 uelit

267 3681 299 3744 in
323 3697 418 3740 cause
439 3675 613 3758 pecuniali,
634 3696 740 3740 corum
760 3677 865 3742 iudice
884 3695 949 3740 nou
968 3677 1068 3758 possit
1088 3677 1133 3740 uti
1154 3678 1295 3752 testibus,

267 3789 327 3852 nisi
340 3789 485 3870 personis
498 3789 582 3852 inira
595 3776 747 3853 terminus
763 3807 873 3854 cunum
888 3788 1075 3852 constitutis.

349 3900 429 3975 (tn)
449 3900 538 3982 Ipsus
562 3899 602 3966 ub
627 3902 712 3964 omui
733 3900 948 3966 iurisdictione
970 3901 1095 3982 penitus
1120 3900 1295 3966 eximentes

265 4009 347 4080 enies
358 4029 485 4096 quoque
500 4012 637 4078 minores
652 4012 824 4078 secundum
835 4012 996 4096 antiquum
1010 4009 1196 4085 libertatem,
1212 4011 1296 4076 circu

265 4122 381 4194 tntum
395 4122 524 4210 Georgii
535 4130 607 4190 octo
622 4121 751 4202 dicbus,
770 4124 855 4194 circe
868 4122 984 4192 testum
999 4123 1031 4190 1.·
1043 4123 1128 4212 regis
1143 4121 1295 4210 Stephani

267 4240 299 4314 ci
323 4236 407 4312 cun
430 4235 543 4312 icstum
564 4235 595 4309 b.
608 4237 734 4314 ttuttct
755 4233 898 4314 ciuiliter
912 4243 983 4309 octo
1004 4235 1128 4325 diebus,
1149 4236 1295 4314 unnibut
