2904 4754
286 369 347 436 506
376 389 463 436 ama
477 389 518 435 av.
533 387 624 438 necas
636 389 788 438 amanam
802 389 959 436 nesciam
974 391 1015 438 nn
1030 391 1141 439 ceusu.
1163 375 1242 438 1265.

369 538 416 623 (7]
437 549 584 624 preterca
601 543 687 626 quod
707 543 748 606 tle
768 543 909 624 ipsorum
930 543 1011 606 uinis
1025 541 1113 606 nullo
1126 544 1158 606 in
1172 543 1236 608 loco
1248 545 1293 607 tci-

285 653 395 718 butum
415 653 541 716 soluere
561 661 736 730 teneantur,
757 654 906 720 otiorum
921 653 1060 720 habeant
1076 655 1207 720 liberum
1220 655 1294 724 ieris

286 765 382 827 sextis
397 772 432 826 ut
445 773 548 828 antea.

631 1161 746 1244 nata
765 1161 821 1247 lv.
845 1161 966 1246 alata

284 1333 550 1414 amnuens
559 1311 1298 1416 nosencnnnavmnannunnu
1409 1367 1416 1376 ·

707 1493 885 1558 MCCLXV.

652 1636 676 1687 E
698 1649 762 1686 msa.
778 1635 944 1688 llcveaeseii.

366 1891 440 1958 Bcla
456 1891 507 1956 clei
525 1893 628 1974 gracia
643 1891 819 1976 Hunganie,
840 1893 1015 1968 Dalmacie,
1037 1891 1185 1970 Cnoacie,
1206 1895 1303 1968 Reme,
1428 1925 1429 1928 ¹

284 2001 460 2079 Sclauonie,
472 2003 600 2079 Galicie,
614 2004 802 2067 Lodomerie
813 2003 1027 2087 Cumanieqne
1039 2025 1105 2080 ccx,
1115 2005 1228 2068 Christi
1235 2005 1305 2068 title-

281 2116 363 2182 libus
377 2137 508 2201 presens
522 2117 671 2200 scriptum
686 2115 885 2198 inspecturis,
898 2115 1030 2179 salutem
1041 2116 1073 2178 in
1086 2137 1164 2180 uero
1176 2117 1305 2180 salutari.
1428 2115 1429 2188 J

330 2277 332 2280 -
363 2231 484 2312 Regum
498 2229 634 2311 pertinet
647 2229 688 2291 ad
703 2226 937 2302 excellenciam,
951 2237 982 2290 et
993 2227 1227 2293 dominancium
1237 2249 1311 2292 con·
1427 2301 1429 2310 y

281 2341 371 2404 uenit
393 2341 554 2424 dignitati,
581 2347 669 2403 tanto
694 2339 826 2422 amplius
852 2339 890 2402 de
916 2339 1027 2401 maiori
1052 2339 1153 2422 plebis
1180 2360 1306 2402 numero
1428 2341 1429 2354 ¹

283 2449 425 2536 gloriari,
456 2461 572 2533 quanto
595 2452 734 2534 ipsorum
759 2448 891 2532 gloriam
916 2469 955 2512 ex
981 2449 1089 2530 populi
1113 2449 1308 2528 multitudine
1427 2465 1428 2470 ’

281 2571 403 2624 constat
425 2561 553 2624 uberius
577 2563 784 2645 augmentari.
816 2561 889 2624 hinc
910 2569 958 2625 est
979 2562 1065 2644 qnod
1088 2560 1308 2626 uniuersorum
1426 2559 1427 2566 '

281 2671 397 2736 noticia
412 2665 521 2736 tenore
536 2671 736 2755 presencium
754 2669 900 2735 uolumus
914 2671 981 2734 lieri
998 2672 1213 2746 manifestum,
1227 2671 1308 2756 qnod
1426 2663 1427 2666 '

281 2803 339 2846 nos
358 2782 534 2866 hospitibus
556 2783 669 2846 nostris
690 2783 729 2844 de
752 2783 825 2845 uilla
840 2783 956 2865 Beryn,
979 2791 1010 2846 et
1027 2783 1171 2847 omnibns
1187 2783 1228 2845 ad
1243 2803 1307 2844 eam

280 2895 508 2977 pertinentibus
530 2895 624 2958 talem
645 2893 821 2956 libertatem
844 2894 1057 2956 concessimus
1079 2900 1111 2956 et
1130 2893 1307 2956 statuimus:

362 3002 407 3088 (1)
429 3006 522 3082 Quod
534 3007 573 3069 de
588 3003 718 3086 singulis
733 3005 946 3066 mansionibus
961 3003 1085 3087 singula
1099 3003 1158 3066 tria
1170 3005 1307 3085 pondera

280 3115 405 3180 coluere
419 3125 566 3180 tenentur
580 3115 751 3178 annuatim.

363 3225 410 3310 (2)
432 3227 545 3290 Comes
564 3245 643 3290 uero
665 3227 806 3308 ipsorum
828 3225 911 3289 bona
933 3223 1001 3288 sine
1020 3225 1138 3287 herede
1154 3225 1305 3288 decaden

280 3337 363 3402 cium
377 3338 520 3420 recipere
534 3355 598 3400 non
612 3345 783 3420 presumat.
963 3317 970 3324 ⁸
1100 3349 1105 3352 “

364 3445 408 3532 (3)
428 3451 507 3512 Item
527 3431 622 3511 iudici
642 3469 700 3531 pcc
721 3449 837 3512 indicio
860 3449 986 3518 soluere
1010 3448 1127 3532 debent
1147 3448 1302 3531 sexaginta
1420 3449 1421 3452 ’

281 3561 429 3624 denarios
443 3567 573 3634 tantum,
587 3559 648 3621 nisi
662 3559 695 3620 in
706 3577 801 3622 causa
815 3555 889 3622 furti
904 3556 956 3620 uel
970 3556 1132 3640 sanguinis
1147 3559 1303 3622 effusione.

364 3667 408 3751 (l)
427 3672 506 3733 Item
521 3672 560 3734 atl
575 3671 749 3752 plausu-um
767 3671 852 3752 regis
868 3671 967 3734 bones
982 3671 1058 3734 dare
1073 3691 1137 3732 non
1153 3678 1302 3744 tenentur,

281 3799 339 3843 nec
360 3781 392 3842 in
414 3777 579 3864 legacione
600 3781 704 3863 aliqua
720 3779 837 3845 dehent
852 3781 913 3856 ire,
934 3781 994 3844 nisi
1009 3799 1066 3863 pro
1082 3781 1223 3863 negociis
1237 3781 1301 3844 uille

281 3891 473 3965 eorundem,
495 3891 594 3954 autin
607 3891 770 3976 legacione
785 3891 904 3955 domini
922 3891 1017 3975 regis,
1038 3891 1078 3957 ad
1093 3892 1235 3974 spacium
1249 3889 1302 3955 diei

281 4000 385 4066 unius.

364 4110 412 4196 (5)
433 4113 512 4176 Item
526 4133 586 4195 pro
597 4113 726 4178 decimis
739 4115 803 4178 suis
817 4115 958 4198 capecias
974 4113 1109 4191 scluant,
1130 4124 1225 4200 prout
1240 4137 1303 4200 pm·

266 4225 369 4292 eenit
381 4225 414 4290 in
429 4221 565 4308 capeciis
578 4225 611 4287 in
626 4225 745 4290 tritura.
