2904 4754
243 425 717 510 33333331333333313333
739 445 965 512 3333333133
990 440 1083 512 itit.
1125 443 1186 512 531

242 616 298 695 (3)
321 619 512 681 absoluimus
534 625 565 681 et
586 619 715 680 eosdem
735 625 766 681 et
781 619 966 700 expedimus
988 615 1184 681 asolucioue

160 727 280 795 dimidii
304 731 452 802 fertonis,
484 746 577 812 33313
602 729 730 792 racione
755 729 881 812 terragii
905 731 1010 793 comiti
1034 724 1186 792 13333331

158 843 283 905 soluere
306 843 423 904 debent
445 843 623 916 annuatim,
639 841 726 903 iusta
740 841 969 908 continenciam
991 841 1104 924 prioris
1124 839 1187 922 pri-

159 953 268 1036 uilegii
282 952 381 1015 nostri
396 953 435 1014 de
451 952 590 1034 qualibet
604 952 793 1016 mansione.

244 1066 301 1141 (li)
323 1070 469 1147 preterea
483 1062 694 1128 concessimus
710 1065 829 1128 eisdem
845 1063 1105 1138 iterumiterum,
1124 1071 1188 1126 tam

158 1181 192 1242 in
212 1187 333 1252 castro,
365 1195 461 1258 quam
482 1177 618 1239 exterius
640 1153 880 1250 celebrantium,
914 1176 968 1238 ubi
990 1195 1095 1239 comes
1117 1177 1188 1238 lau-

158 1289 273 1353 riensis
288 1288 401 1351 eteius
416 1285 566 1374 officiales
587 1267 705 1349 nullam
728 1287 853 1368 penitus
866 1287 1113 1350 iurisdictionem
1133 1305 1189 1367 po·

158 1383 267 1465 lerunt
288 1389 453 1472 exercere,
481 1399 541 1460 hoc
563 1399 665 1460 solum
686 1396 717 1461 et
737 1395 914 1481 specialiter
931 1398 964 1458 in
981 1395 1188 1478 ‘presentibus

160 1512 332 1584 declarato,
354 1511 439 1594 quod
461 1507 610 1572 tributum
632 1509 710 1584 fori,
731 1512 816 1594 quod
838 1511 889 1573 die
904 1505 1047 1573 sabbathi
1067 1510 1101 1572 in
1115 1507 1189 1570 uilla

158 1623 313 1686 lauriensi
327 1623 515 1696 celebratur,
537 1639 642 1684 comes
656 1622 823 1685 lauriensis
838 1621 990 1703 percipiet
1005 1620 1188 1702 plenarium,
1277 1669 1280 1676 .

159 1735 428 1818 quemadmodum
444 1724 623 1816 percepisse
639 1734 831 1815 dignoscitur
847 1733 1065 1815 usquemodo.

244 1848 302 1923 (5)
324 1841 523 1909 adiunximus
542 1847 640 1907 eciam
661 1838 693 1908 31
713 1845 930 1908 coniunximus
949 1843 1082 1928 populns
1106 1845 1190 1927 epis·

160 1961 232 2042 copi
247 1967 280 2022 et
293 1958 421 2042 capituli
434 1958 602 2021 [auriensis
624 1959 656 2019 in
674 1951 784 2020 eadem
800 1957 875 2024 uilla
890 1959 1095 2032 communita,
1117 1962 1189 2020 cuni

158 2068 270 2132 iisdem
284 2069 459 2150 hospitibus
473 2065 659 2140 residentes,
679 2067 855 2150 hospitibus
870 2069 985 2130 uostris
999 2067 1190 2145 memoratis,

161 2175 200 2242 ut
215 2181 248 2242 in
269 2181 414 2242 omuibus
436 2185 467 2242 et
487 2181 664 2262 peremnia
685 2181 796 2242 eadem
817 2177 1017 2261 perfruantur
1030 2179 1189 2254 libertate,

161 2312 223 2374 qua
237 2293 378 2372 hospites
399 2291 498 2355 nostri
519 2281 713 2373 giatul‘antur
728 2285 906 2364 memorati,
929 2291 1081 2366 3333133,
1103 2293 1190 2372 quod

159 2401 346 2484 terragium,
368 2420 424 2464 seu
440 2421 571 2464 censum
585 2403 727 2466 debiturn
746 2391 868 2464 uillicus
883 2401 1067 2466 eorumdem
1077 2403 1122 2464 (in
1138 2417 1190 2464 oc-

154 2521 237 2576 tauo
260 2515 462 2575 Pentecostcs
487 2513 636 2596 episcopo
662 2533 719 2575 seu
742 2513 878 2596 capitulo
899 2505 1051 2577 lauriensi
1075 2514 1190 2598 proadss

159 2627 265 2698 niens,
298 2625 337 2688 ab
361 2625 480 2686 eisdem
504 2622 680 2704 hospitibus
710 2623 969 2706 percolui-faciet
991 2645 1031 2688 ex
1055 2625 1189 2707 integra,
1270 2617 1274 2620 ”

161 2735 255 2820 prout
269 2733 597 2800 exstititconsuetum.

246 2849 303 2924 (6)
326 2857 465 2910 ceterum
480 2839 659 2922 statuimus,
681 2849 765 2932 quod
781 2849 921 2930 hospites
936 2851 1190 2921 3333133333-

161 2983 223 3036 ses,
245 2953 304 3023 nec
318 2961 351 3022 in
366 2961 434 3040 ipso
449 2959 529 3033 foro,
547 2979 607 3022 nec
622 2961 695 3048 alius
710 2961 791 3024 infra
806 2961 895 3042 regni
905 2961 1007 3024 'nostri
1021 2961 1136 3024 limites
1150 2962 1189 3052 dc

160 3074 227 3136 suis
237 3059 378 3152 'propriis
393 3070 603 3134 mercimoniis
619 3066 746 3153 aliquod
762 3072 910 3134 tributum
925 3071 1052 3136 soluere
1062 3065 1190 3136 tenean-

161 3195 223 3262 tur,
244 3205 332 3248 more
346 3163 497 3265 regalium
512 3183 670 3265 hospitum
686 3183 828 3247 aliorum.

245 3293 309 3373 (7)
324 3297 427 3358 adhuc
449 3303 484 3358 ut
498 3285 555 3378 pro
571 3293 701 3358 edificiis
723 3293 909 3378 reparandis
930 3297 1034 3378 uirgas
1052 3305 1087 3360 'et
1100 3297 1190 3380 palos

162 3409 316 3480 habeant,
339 3405 369 3474 et
389 3425 446 3487 pro
468 3405 654 3488 agricultura
675 3427 711 3468 ac
730 3427 789 3488 pro
805 3407 898 3469 curiis
919 3409 1036 3471 terram
1055 3398 1190 3472 habeant

164 3505 365 3600 ampliorem,
392 3515 577 3578 3331313333
604 3517 722 3580 eisdem
742 3518 921 3603 *hospitibus
945 3519 1190 3601 3331333333-

161 3631 237 3696 dam
258 3628 394 3690 insulam
409 3647 479 3689 cum
494 3627 558 3688 suis
573 3627 697 3708 populis
719 3627 751 3688 iu
764 3627 909 3690 Danubio
926 3647 1028 3710 usque
1044 3629 1191 3691 occiden-

163 3747 227 3802 tem
243 3746 282 3802 33
297 3739 442 3820 opposito
458 3740 550 3800 castri
564 3737 731 3802 lauriensis
747 3739 957 3811 adiacentem,
973 3756 1042 3802 cum
1057 3741 1122 3804 suis
1136 3759 1192 3804 ne-

163 3851 314 3926 moribus,
337 3851 434 3930 pratis
448 3849 479 3912 et
492 3849 609 3932 pariter
624 3851 807 3932 piscaturis:

246 3963 302 4038 (8)
325 3963 512 4026 contulimus
546 3970 578 4025 et
606 3961 726 4025 eisdem
760 3969 883 4025 terram»
904 3963 997 4026 castri
1019 3965 1193 4028 -Iauricnsis

153 4073 787 4151 ¹lllalomsohuocatam,ultraDanub1um
803 4063 909 4157 usque
917 4070 1045 4158 Zarnoly
1057 4075 1193 4138 existen-

163 4191 244 4259 tem,
272 4198 367 4272 quarn
381 4183 524 4266 primitus
539 4182 728 4247 dederamus
741 4183 834 4248 simul
855 4199 927 4250 cnm
947 4187 1091 4250 omnibus
1108 4183 1194 4308 utili-

163 4296 279 4366 taurus
294 4295 371 4374 suis,
392 4303 424 4362 et
436 4293 635 4384 pertinenciis
648 4295 818 4362 uniuersis.
871 4333 877 4346 -
