2924 4758
314 457 339 502 s.
355 454 511 504 scurnum
531 457 623 504 murs
644 456 855 504 cremnorum
875 457 967 505 emur
994 459 1016 504 ι.
1119 441 1181 504 315

135 613 299 687 seruntur,
314 609 374 676 elie
389 632 468 676 uero
484 613 711 696 quinquaginta
726 612 909 695 perentibus
926 613 1050 687 dentur,
1070 611 1181 676 decem

136 731 254 786 autem
271 722 397 786 arbitris
413 731 444 786 et
458 723 684 788 mediatoribus
708 725 937 789 condonentur.
965 723 1033 805 ipse
1052 723 1181 806 quidem
1225 795 1231 808 ι

134 834 304 896 homicida
319 835 494 898 secundum
509 833 743 898 institucionem
759 853 912 896 canonum
929 833 1057 898 ieiunet.

228 946 303 1008 Item
316 946 409 1008 aiud.
454 944 486 1006 Si
508 945 578 1026 quis
600 955 703 1008 autem
726 965 800 1007 cusu
823 945 975 1008 occiderit
993 943 1181 1028 quemlihet,

136 1058 257 1120 decem
278 1055 345 1118 euri
367 1075 482 1137 pensus
502 1055 679 1137 persoluat,
703 1064 734 1118 et
756 1057 837 1120 sicut
858 1072 997 1120 canones
1016 1057 1181 1132 mandent,

136 1169 276 1234 ieiunet.

228 1279 302 1344 Iton
324 1281 358 1340 de
380 1280 544 1342 homicidiis
567 1297 730 1340 ceruorum.
775 1277 807 1340 Si
829 1279 961 1344 alicuius
981 1299 1092 1344 seruus
1115 1299 1182 1345 ser·

138 1413 222 1455 uum
237 1391 364 1454 alterius
380 1391 546 1464 occiderit,
566 1391 717 1454 reddatur
732 1409 844 1454 seruus
859 1413 918 1473 pro
933 1412 1039 1467 seruo,
1060 1401 1115 1456 aut
1129 1414 1181 1458 rc·
1236 1449 1239 1452 .

139 1505 291 1570 dimetur.
314 1511 346 1566 et
359 1503 571 1585 penitenciam
586 1502 672 1584 quod
687 1501 803 1564 dictum
819 1511 867 1566 est
882 1509 963 1584 egat.

229 1616 301 1676 Item
315 1615 408 1678 aliud.
452 1613 485 1676 Si
507 1633 583 1676 uero
605 1613 685 1676 liber
706 1611 837 1677 alicuius
859 1615 1011 1680 occiderit
1033 1635 1179 1692 seruum,

142 1727 261 1792 reddet
275 1729 370 1792 elium
386 1747 528 1800 seruum,
543 1725 594 1790 uel
612 1703 751 1809 precium
767 1734 945 1808 componat,
960 1736 992 1790 et
1005 1728 1179 1790 secundum

144 1859 287 1904 canones
305 1839 434 1904 ieiunet.

229 1951 298 2014 XV.
340 1951 384 2012 Dc
396 1951 443 2012 nn
456 1953 507 2030 qui
519 1970 587 2012 rous
600 1969 706 2012 ocorec
721 1951 864 2016 occidunt.
897 1950 930 2014 Si
945 1951 1016 2033 quis
1030 1952 1180 2016 comitum

143 2063 320 2128 obduratus
343 2063 456 2135 corde,
476 2061 703 2144 neglectusque
726 2059 844 2136 anima,
866 2063 952 2144 quod
971 2063 1083 2144 procui
1105 2064 1181 2126 sita

144 2175 296 2240 cordibus
318 2173 501 2240 fidelitatem
525 2171 782 2248 obseruancium,
804 2174 912 2236 uxoris
926 2173 1094 2238 homicidio
1111 2177 1181 2257 pol⁴

142 2287 263 2360 luetur,
285 2287 458 2350 secuudum
477 2287 638 2348 decretum
657 2285 772 2366 regalis
794 2292 922 2346 senatus
938 2305 1008 2348 cum
1024 2286 1181 2367 quinque-

142 2401 235 2484 giuta
254 2398 398 2464 iuuencis
419 2398 600 2480 parentibus
620 2397 761 2460 mulieris
785 2395 987 2470 concilietur,
1008 2405 1041 2459 et
1060 2395 1181 2460 ieiunet

142 2511 320 2574 secuudum
340 2509 488 2572 mundate
510 2527 675 2570 canonum.
704 2507 730 2570 si
753 2515 857 2570 nutem
871 2507 962 2570 miles
982 2507 1034 2572 uel
1049 2508 1180 2574 alicuius

143 2623 197 2688 nir
214 2622 367 2686 ubertatis
390 2621 523 2685 eandem
544 2621 668 2704 culpam
690 2619 853 2694 inciderit,
874 2621 962 2683 iuxta
977 2621 1113 2687 eundem
1129 2643 1181 2686 se-

143 2741 255 2797 natum
275 2733 376 2794 solunt
396 2731 579 2813 parentibus
602 2730 711 2794 decem
734 2731 905 2803 iuuencos,
940 2731 1124 2814 ieiunctque
1145 2739 1182 2796 ut

145 2844 265 2908 dictum
287 2850 344 2906 cst.
380 2844 405 2904 si
422 2857 499 2904 uero
513 2840 653 2922 uulgaris
670 2839 703 2902 in
718 2841 831 2904 eodem
845 2842 975 2904 crimine
989 2843 1179 2916 inuenietur,

145 2973 220 3018 cum
236 2953 382 3036 quinque
395 2951 537 3016 iuuencis
560 2951 702 3033 cognatis
723 2953 956 3027 reconcilietur,
978 2961 1009 3016 et
1028 2953 1181 3016 subdatur

144 3066 296 3150 predictis
310 3062 448 3128 ieiuniis.

156 3159 160 3170 ⁴
229 3177 312 3238 xvi.
354 3177 620 3256 Dceuoqinociooc
640 3177 744 3256 piodii.
789 3176 827 3240 Ut
841 3195 904 3258 pax
917 3175 1008 3240 firma
1024 3178 1179 3242 etincon·

145 3289 299 3354 tuminntn
320 3297 458 3362 manent,
481 3295 543 3350 tum
564 3289 647 3351 inter
661 3289 797 3353 maiores
818 3297 894 3352 natu
909 3308 1004 3370 quem
1025 3290 1107 3352 inter
1121 3290 1179 3365 mi-

144 3421 252 3473 nores,
266 3400 481 3482 cuiuscunque
494 3399 688 3464 condicionis
704 3406 786 3474 sunt,
807 3399 1025 3464 interdiximus
1040 3401 1179 3475 omuino,

146 3521 182 3575 ut
197 3511 298 3574 nuilus
320 3511 360 3574 ad
374 3511 546 3577 ledendum
561 3511 698 3594 aliquem
714 3513 861 3594 cuuginet
875 3513 1023 3594 gladium.
1050 3514 1137 3595 quod
1153 3513 1179 3578 si

147 3625 219 3706 quis
239 3624 371 3706 posthac
391 3623 525 3688 stimulis
546 3624 677 3686 audacie
698 3643 755 3687 sue
770 3632 870 3688 tuctus
887 3626 1103 3706 temptauerit,
1125 3647 1179 3688 eo-

147 3738 221 3802 dem
236 3736 395 3818 iuquietur
410 3734 526 3818 gladio.

230 3847 328 3908 XVII.
369 3847 413 3916 Dc
424 3847 563 3927 periuris.
599 3846 630 3910 Si
646 3847 715 3928 quis
729 3847 908 3912 uulencium
921 3847 984 3914 fide
1000 3867 1179 3914 commacu·

145 3960 239 4033 letus,
261 3959 359 4025 corde
376 3956 530 4040 pollutus,
550 3959 726 4024 iuramento
741 3959 901 4025 confracto
916 3959 1056 4042 periurio
1072 3962 1180 4026 eddic-

147 4079 197 4136 tus
220 4071 410 4145 inuenietur,
438 4071 580 4154 perditus
604 4091 698 4134 manu
723 4072 898 4154 periurium
921 4072 1001 4147 luat,
1029 4081 1084 4138 eut
1108 4091 1179 4135 cum

148 4183 376 4267 quinquaginta
399 4182 542 4248 iuuencis
567 4193 696 4248 manum
719 4181 862 4248 redimat.
892 4181 919 4246 si
939 4203 1019 4248 uero
1041 4181 1178 4268 uulgaris
