3048 4760
265 389 328 456 586
416 409 677 459 consrrrurrours
697 409 834 460 senones
854 407 1011 457 aurnuns·
1054 391 1144 472 1279,

266 562 370 644 aliqua
383 553 524 634 ciuitate,
546 568 649 628 castro
665 561 716 624 uel
730 561 820 638 uilla,
841 561 876 624 in
889 535 1034 634 domibus
1048 581 1107 624 sen
1122 561 1296 642 possessio.-

268 650 359 736 nibus
378 673 443 736 suis
462 673 605 736 babitare
627 675 800 760 permittat,
816 693 889 736 ,nec
910 674 955 738 eis
978 673 1028 736 uel
1050 673 1206 755 aliquibus
1228 675 1296 740 aliis

243 829 246 842 ,
267 785 408 868 ipsarum
425 786 570 860 nomine,
591 785 642 849 uel
665 805 723 868 pro
737 786 813 868 ipsis
833 793 886 848 aut
902 785 1059 854 infamatis
1075 785 1114 848 de
1128 787 1296 861 lenocinio,

267 895 396 968 fanore,
417 896 607 959 commercio
629 904 684 958 aut
697 895 943 960 conuersacione
958 897 1026 961 siue
1041 897 1235 976 protectione
1250 905 1297 960 ta-

266 1004 344 1068 lium
365 1005 532 1068 mulierum
559 1007 670 1068 domos
698 1007 782 1088 ipsas
806 1007 858 1068 uel
880 1007 1112 1086 possessionem
1136 1009 1296 1076 spumeis

268 1117 453 1193 concedere,
472 1115 587 1190 locare,
608 1117 765 1190 uendere,
786 1117 837 1180 uel
852 1118 1174 1198 donarequocunque
1191 1119 1296 1192 modo,

268 1228 322 1290 uel
343 1228 453 1290 fraude
474 1237 643 1310 presumat.
665 1229 751 1311 quod
771 1229 796 1291 si
812 1229 882 1312 quis
898 1236 1007 1293 contra
1027 1223 1207 1295 huiusmodi
1221 1249 1297 1298 con-

268 1339 468 1402 stitucionem
488 1340 599 1406 uenire
625 1340 849 1422 presumpserit
870 1341 976 1410 tandiu
991 1361 1049 1422 per
1063 1341 1237 1408 ordinarios
1251 1343 1296 1406 lo-

270 1472 380 1514 corum
405 1459 437 1516 ct
461 1454 661 1535 presbyteros
687 1452 908 1535 parochiarum
932 1453 964 1514 in
989 1453 1104 1534 quibus
1128 1453 1295 1518 uiolatores

269 1565 503 1628 constitucionis
532 1565 626 1628 huius
655 1565 816 1647 degerint,
849 1565 888 1628 ab
911 1564 1043 1628 ecclesie
1064 1573 1230 1628 arceantur
1248 1565 1296 1628 in·
1348 1539 1353 1548 ι

269 1695 398 1757 gressu,
424 1681 456 1736 et
478 1695 496 1738 a
517 1676 720 1756 perceptione
744 1682 1012 1742 sacramentorum
1032 1675 1207 1741 habeantur
1227 1695 1297 1741 sus.-

268 1787 377 1868 pensi,
400 1787 500 1852 donee
520 1788 595 1866 ipsis
615 1787 757 1866 turpibus
778 1787 922 1868 personis
945 1787 984 1851 de
999 1787 1246 1860 dictisdomibus
1266 1795 1297 1853 ct

268 1897 521 1978 possessionibus
543 1917 671 1978 prorsus
694 1899 816 1972 eiectis,
838 1907 870 1960 et
890 1899 1022 1980 prestita
1041 1898 1210 1961 sufficienti
1223 1918 1298 1962 ¹cartr-

270 2009 379 2082 cione,
400 2009 486 2092 qnod
504 2007 634 2073 ulterius
651 2009 685 2080 in
702 2009 817 2072 talibus
839 2029 903 2074 non
919 2011 1088 2084 excedent,
1110 2010 1196 2072 etad
1210 2029 1299 2074 man-

271 2121 377 2187 datum
400 2121 631 2184 ordinariorum
654 2121 722 2184 siue
744 2121 944 2202 superiorum
965 2121 1018 2184 uel
1041 2121 1298 2205 presbyterorum

270 2232 495 2314 parochialium
514 2252 663 2322 suorum,
685 2239 805 2296 tantum
828 2233 866 2296 de
889 2232 980 2294 bonis
1001 2233 1065 2296 suis
1087 2232 1119 2297 in
1139 2233 1208 2313 pios
1217 2253 1298 2308 ,usus

164 2419 167 2430 s
270 2345 465 2424 expendant,
480 2351 632 2426 quantum
646 2363 703 2424 pro
717 2343 899 2406 huiusmodi
912 2342 1090 2416 locacione,
1109 2344 1298 2409 uendicione

269 2473 326 2522 seu
348 2454 553 2518 concessione
577 2455 778 2536 perceperint
799 2463 852 2518 aut
874 2456 1051 2536 percepturi
1070 2455 1194 2522 fuerint
1208 2472 1299 2522 ornav

268 2567 357 2630 sione
372 2565 522 2645 predicta.
552 2585 688 2646 persone
704 2575 810 2631 autern
822 2565 1036 2632 ecclesiastice
1057 2565 1084 2628 si
1104 2567 1136 2630 in
1151 2567 1298 2648 predictis

268 2676 478 2749 excesserint,
508 2687 614 2760 preter
638 2677 795 2757 predictas
820 2697 917 2758 penas
945 2698 1003 2759 por
1028 2677 1209 2748 ordinarios
1229 2678 1297 2740 siue

267 2787 448 2870 superiores
470 2806 544 2850 suos
565 2789 691 2868 grauius
713 2788 893 2870 puniantur.
921 2789 1003 2854 hano
1026 2797 1131 2859 autem
1149 2789 1299 2854 constitu-

267 2899 390 2962 cionem
405 2899 445 2960 ad
459 2898 601 2980 publicos
616 2899 777 2972 adulteros
790 2909 821 2980 et
834 2899 1042 2974 incestuosos,
1058 2908 1088 2966 et
1102 2901 1141 2962 ad
1156 2900 1298 2982 publicas

269 3009 427 3076 adulteras
447 3017 477 3072 et
491 3011 696 3082 incestuosas,
719 3029 798 3094 quos
822 3018 854 3072 et
868 3030 945 3092 quas
960 3010 1297 3082 excommunicacionis

268 3121 429 3183 sentencie
445 3122 641 3184 decernimus
662 3121 839 3196 subiacere,
862 3121 989 3184 extendi
1005 3122 1150 3186 uolumus
1166 3129 1298 3188 etmen-

269 3233 390 3308 dnmns.
500 3301 504 3304 ,
720 3313 722 3317 ¹
855 3297 858 3302 ,

353 3340 418 3424 (lo)
439 3343 607 3404 Statoimus
630 3343 715 3423 quod
739 3343 778 3406 ad
800 3344 882 3404 bona
905 3343 1153 3417 decendeneium
1176 3342 1298 3424 episeo-

270 3475 384 3536 porum
404 3473 462 3515 seu
481 3453 734 3534 episcopatuum,
756 3455 942 3524 enehorum,
962 3455 1145 3524 inferiorum
1161 3455 1299 3536 prelato·

269 3583 340 3631 rum
354 3565 542 3632 secularium
557 3585 614 3628 seu
628 3564 845 3647 religiosorum
869 3566 1131 3636 monasteriorum
1143 3563 1203 3644 ,nel
1223 3565 1299 3635 alia-

269 3695 339 3747 rum
354 3676 557 3740 ecclesiarum
573 3677 774 3752 uacancium,
795 3677 898 3741 nullus
919 3679 1031 3742 Laicus
1050 3686 1300 3760 quantocunque

270 3795 302 3860 et
316 3787 531 3870 cuiuscunque
549 3789 590 3850 sit
605 3763 786 3862 altitudinis,
808 3787 1017 3868 excellencie,
1040 3788 1230 3865 condicionis
1246 3787 1302 3866 uel

270 3906 386 3972 status,
417 3918 527 3980 manus
556 3920 629 3974 suas
654 3899 782 3968 extendi
810 3898 906 3972 faciat
933 3897 984 3963 uel
1005 3898 1183 3980 permittat,
1213 3898 1300 3984 bona

268 4011 449 4076 huiusmodi
463 4011 647 4086 auterendo,
660 4017 715 4076 aut
724 4011 826 4084 eciam
839 3997 1024 4092 occupando
1039 4011 1206 4082 occasione
1220 4007 1299 4081 iuris

268 4129 462 4206 patronatus,
483 4109 535 4184 uel
549 4123 610 4188 alio
627 4141 820 4206 quocunque,
831 4129 986 4204 pretextu,
1014 4122 1142 4204 quodsi
1156 4120 1299 4203 quislei-

270 4255 379 4300 corum
399 4241 508 4300 contra
530 4235 790 4310 constitucionem
809 4234 997 4312 huiusmodi
1010 4233 1119 4312 uenire
1134 4252 1305 4321 presump:
