2904 4754
187 393 249 462 560
291 409 433 462 ιιιιιιιι
453 409 499 462 ιιι.
526 407 616 460 sarrs
645 407 848 461 cersmmrre
876 411 917 460 aa
945 405 1086 458 ιιιιιιιιιι.
1129 387 1220 460 tato.

189 577 284 644 taret,
306 569 482 652 recepimus
508 578 537 632 et
564 568 650 652 prius
676 569 715 630 de
737 575 857 650 septem
882 565 1144 650 generaciouibes
1166 587 1221 632 eo·

189 681 332 742 rumdem
348 681 557 744 Comanorum
566 725 575 754 ,
591 687 684 762 prout
698 687 785 754 sunt,
799 688 919 761 septem
935 677 1070 752 obsides,
1085 698 1147 760 que
1162 698 1219 742 nos

190 793 230 854 ad
256 800 379 874 tempus
405 790 557 854 iaciemus
582 791 728 854 obtineri.
762 809 842 874 quos
864 791 993 872 quidem
1015 791 1160 852 dominos
1178 790 1220 856 tle

190 903 336 966 Cumanis
359 911 389 965 et
410 903 531 964 nobiles
554 901 766 964 Cumanorum
788 907 930 964 ettotam
952 909 1078 983 gentem
1094 919 1220 964 eorum-

190 1015 282 1088 dem,
303 1015 334 1076 in
355 1035 453 1097 regno
468 1023 577 1078 nostro
594 1013 796 1087 existentem,
819 1012 1027 1076 nossolemni
1050 1024 1081 1076 et
1097 1013 1220 1095 publica

190 1125 441 1206 congregacione
456 1125 488 1186 in
502 1139 602 1208 regno
617 1133 726 1188 nostro
739 1125 838 1198 tacu,
863 1133 894 1190 et
906 1123 1049 1206 diligenti
1064 1123 1221 1186 delibera·

190 1237 280 1298 cione
302 1255 372 1298 cum
394 1236 565 1299 baronibus
588 1246 620 1300 et
634 1235 790 1303 nobilibus
812 1237 901 1318 regui
924 1236 1023 1298 nostri
1044 1236 1149 1298 habita
1164 1235 1221 1300 de-

190 1335 343 1411 scendere
357 1347 498 1421 fecimus,
521 1349 615 1412 ruodo
632 1367 668 1411 ao
683 1348 761 1410 loeis
777 1347 993 1430 infrascriptis.

273 1455 317 1540 (1)
339 1457 491 1522 Uidelicet
505 1479 523 1520 a
539 1459 634 1522 modo
649 1460 843 1522 descendent
865 1468 897 1522 et
911 1459 1062 1522 recedent
1084 1460 1221 1522 eteber-

189 1571 309 1634 naculis
324 1570 389 1632 sois
403 1580 435 1633 et
450 1570 593 1658 domibus
607 1569 741 1644 ilicinis,
757 1579 788 1633 et
801 1569 984 1634 habitabunt
1000 1589 1036 1632 ac
1052 1569 1220 1632 morabun-

189 1691 241 1746 tur
254 1681 287 1743 iu
301 1681 383 1742 uillis
398 1699 486 1744 more
502 1680 758 1754 Christianorum,
773 1682 803 1743 iu
820 1681 931 1744 edibus
946 1690 978 1744 et
992 1681 1136 1744 domibus
1150 1680 1219 1744 solo

189 1792 271 1856 fixis.

272 1901 317 1985 (a)
337 1912 442 1988 preter
456 1903 653 1968 abrasionem
668 1904 836 1967 barbarum
853 1911 884 1966 et
898 1904 1152 1968 abreuiacionem
1165 1925 1220 1968 ca-

189 2017 354 2102 pillorum,
382 2023 413 2079 et
433 2015 574 2078 habitum
597 2015 733 2078 uestium
759 2017 960 2090 eorumdem,
989 2035 1084 2096 super
1106 2015 1219 2098 quibus.

190 2128 320 2192 eosdem
335 2136 443 2210 preter
453 2129 593 2211 ipsorum
608 2127 802 2190 uoluntatem
815 2127 1007 2190 uenerabilis
1023 2125 1220 2208 paterdomi·

190 2261 249 2302 nus
270 2239 400 2331 legatae,
422 2241 462 2302 ad
483 2247 621 2306 nostram
638 2241 785 2302 deuotam
805 2238 1003 2312 instanciam,
1025 2239 1150 2302 lenitate
1166 2257 1221 2321 pa·

189 2361 276 2416 terne
299 2352 423 2434 pietatis
445 2351 714 2426 condescendens,
736 2350 852 2414 inuitos
875 2371 938 2412 non
961 2350 1081 2434 coligit,
1110 2349 1221 2412 sedin

189 2461 256 2524 aliis
271 2483 304 2524 se
320 2461 459 2523 moribus
474 2461 723 2524 Christianorum
738 2461 990 2524 conformabunt.
1032 2541 1037 2548 .
1080 2545 1081 2550 ἵ

272 2569 317 2652 (3)
342 2580 374 2634 et
394 2573 479 2654 quod
501 2573 533 2632 in
553 2592 650 2654 reguo
665 2582 697 2636 et
720 2573 810 2636 terris
825 2573 939 2654 uostris
956 2574 996 2634 ab
1011 2573 1156 2638 omuibus
1171 2572 1220 2636 in.-

188 2681 334 2746 solenciis
354 2692 385 2746 et
405 2683 525 2748 insidiis
548 2683 711 2758 iaciendis,
733 2703 769 2748 ac
791 2683 1010 2746 interiectione
1029 2684 1219 2747 Christiano-

187 2813 274 2869 rum,
294 2813 331 2858 ac
355 2815 465 2858 eorum
489 2795 642 2879 sanquine
668 2795 878 2867 effundendo,
908 2792 1072 2858 retrahent
1094 2793 1220 2880 ponitus

187 2923 394 2967 manussuas.

272 3013 317 3097 (i)
339 3026 371 3080 et
394 3025 429 3078 ut
452 3025 545 3080 antea
565 3017 651 3080 nubo
675 3035 811 3100 unquam
837 3026 980 3098 tempore
1003 3016 1137 3090 facient,
1158 3033 1218 3079 nec

189 3126 257 3190 lieri
273 3129 453 3210 permittent
466 3129 645 3204 huiusmodi
662 3149 718 3210 per
732 3149 806 3192 suos
822 3124 957 3192 famulus
969 3128 1176 3193 etsubiectos.
1187 3134 1218 3190 et

190 3251 224 3302 ut
247 3241 396 3320 premissa
419 3261 477 3322 per
498 3241 627 3302 eosdem
650 3241 870 3314 obseruantur,
897 3239 1054 3304 ordinabit
1072 3239 1216 3302 domiuus

189 3347 311 3432 legatos
333 3351 534 3432 inquisitores
557 3351 678 3431 aliquos
697 3351 759 3414 lide
782 3351 905 3434 dignos,
929 3351 983 3434 qui
1003 3351 1218 3433 persingulas

189 3461 413 3545 generacioues
428 3461 609 3540 eorumdem
625 3471 656 3525 et
670 3463 914 3544 generacionum
930 3463 1056 3544 gradus,
1077 3437 1219 3544 quacun-

183 3585 252 3654 que
273 3570 357 3636 linea
375 3571 434 3634 sibi
454 3571 590 3636 inuicem
612 3573 789 3648 attinentes,
811 3582 843 3636 et
859 3594 914 3656 per
929 3574 1006 3637 alios
1022 3592 1131 3636 omnes
1144 3573 1219 3636 sub-

190 3681 270 3742 ditos
295 3701 405 3744 eorum
428 3683 604 3765 inquirant,
626 3691 657 3746 et
670 3684 771 3747 sciant
789 3703 885 3766 super
900 3683 1060 3764 premissis
1074 3682 1219 3746 omnibus

189 3801 220 3854 et
235 3793 363 3874 singulis
380 3795 560 3870 ueritatem,
579 3815 674 3878 quam
689 3795 780 3858 uobis
796 3803 827 3857 et
841 3795 947 3856 eidem
962 3795 1089 3874 domino
1102 3793 1219 3876 legate,

187 3903 283 3965 immo
298 3904 447 3977 ecclesie,
469 3905 589 3968 referre
606 3913 638 3968 et
652 3925 813 3988 exponere
829 3913 1006 3987 teneantur,
1028 3911 1064 3968 ut
1076 3905 1139 3978 ille,
1164 3903 1220 3986 qui

187 4014 220 4078 iu
235 4011 339 4098 aliquo
355 4017 581 4098 premissorum
595 4025 809 4102 transgressor
820 4017 968 4091 iuuentus
982 4016 1091 4090 inerit,
1101 4035 1221 4098 paam

188 4127 445 4202 eeclesiasticam,
466 4148 561 4212 qoam
583 4137 733 4203 meretur,
755 4129 794 4193 ab
809 4127 1104 4212 ecclcsiaacoipiat,
1126 4136 1159 4202 et
1171 4127 1222 4198 ni-

188 4225 358 4304 hilomiuus
372 4259 429 4326 per
443 4259 502 4303 nos
516 4239 697 4324 temporalis
712 4239 851 4322 uindicta
866 4239 987 4306 senciat
1001 4238 1170 4308 ulcionem.
