2920 4758
262 411 325 480 382
363 431 517 478 srsrnrnr
532 431 577 478 nr.
594 427 686 476 ssors
699 427 902 476 ooasrrrcrro
915 423 1164 474 sccmmssrrca.
1203 409 1296 475 troo.

345 588 403 664 (8)
425 595 479 650 aut
493 587 519 650 si
534 585 707 649 dominium
721 603 826 648 meum
841 584 1012 668 aliquando
1027 583 1165 668 aliquem
1180 605 1294 669 aggra-

262 721 338 766 uare
361 700 527 774 uidebitur,
549 707 580 762 et
605 699 681 762 alias
704 697 752 760 ire
776 697 930 771 uoluerit,
958 717 1068 760 secure
1088 716 1159 760 aum
1184 717 1293 772 uxore,

261 813 334 878 titiis
358 821 389 876 et
408 810 526 875 iamiiia
547 819 579 876 et
598 811 742 874 omnihus
763 809 829 872 suis
847 829 1127 892 quorsumcunque
1146 808 1206 874 sihi
1227 809 1293 892 pla·

264 927 383 1000 cuerit,
407 932 468 987 eat.

348 1038 407 1112 (9)
431 1045 462 1100 et
482 1035 544 1097 hoc
565 1033 625 1097 iilis
642 1035 784 1098 concedo
799 1053 856 1116 per
869 1033 976 1116 regaie
997 1033 1148 1096 iudicium
1163 1041 1195 1097 et
1209 1033 1294 1118 sigit-

264 1147 329 1210 lnm
338 1193 348 1222 ,
370 1147 455 1229 quod
471 1153 559 1210 extra
574 1143 733 1208 ciuitatem
748 1165 812 1206 non
827 1153 950 1212 exeant·
971 1145 1009 1210 'si
1023 1146 1062 1208 de
1077 1143 1200 1207 ciuibus
1214 1145 1295 1206 iudi-

266 1279 339 1322 care
365 1259 520 1322 noluerint
544 1259 577 1320 in
604 1255 731 1322 ciuitate
756 1277 826 1320 cum
851 1257 964 1320 comite
987 1264 1017 1320 et
1037 1255 1194 1320 nobilibus
1213 1257 1297 1319 iudi-

267 1377 388 1434 centur.

348 1483 416 1544 Hoc
441 1489 545 1546 autem
569 1489 801 1545 sacramentum
829 1500 847 1543 a
872 1501 947 1564 rege
974 1479 1133 1562 Stephano
1162 1481 1296 1544 secundi

267 1597 368 1679 Geyse
392 1594 475 1677 regis
498 1593 563 1656 iiiio
586 1602 618 1656 et
639 1613 657 1656 a
682 1593 874 1675 principibus
895 1593 1054 1675 Hungarie
1076 1592 1296 1656 confirmatum

267 1716 324 1771 est.
351 1707 444 1789 †ego
465 1707 570 1787 Sayna
584 1704 767 1768 Colocensis
787 1704 1040 1785 archiepiscopus
1061 1704 1156 1766 londo
1173 1712 1206 1766 et
1220 1723 1296 1766 con-

266 1819 369 1882 firmo.
398 1837 457 1900 ego
471 1815 618 1879 Wuicina
632 1814 868 1898 Uitrasyluanus
887 1813 982 1876 laudo
1003 1822 1034 1878 et
1051 1815 1213 1878 confirmo.
1235 1837 1295 1898 ego

267 1929 445 2011 Stephanus
466 1928 624 1990 hiorisene
646 1927 730 1990 sedis
752 1927 871 1990 electus
889 1927 983 1990 laudo
998 1933 1030 1990 et
1050 1926 1213 1990 confirmo.
1236 1947 1296 2010 ego

267 2039 464 2122 Ompodinns
492 2057 598 2102 comes
623 2037 777 2120 palatinus
803 2043 899 2120 atque
921 2037 1022 2099 banus
1046 2036 1140 2100 laudo
1164 2043 1198 2099 et
1221 2057 1297 2100 con-

265 2147 367 2216 fiirno.
396 2171 456 2234 ego
476 2149 579 2212 Iolaus
599 2149 694 2212 laudo
716 2157 748 2212 et
769 2148 931 2211 confirmo.
960 2167 1019 2230 ego
1041 2147 1128 2229 Gur'g
1145 2148 1242 2212 teudo
1264 2155 1297 2212 et

265 2263 429 2328 confirmo.
458 2283 517 2345 ego
541 2261 729 2344 smaragdus
748 2259 842 2324 laudo
862 2268 895 2323 et
916 2259 1078 2322 confirmo.
1110 2278 1169 2340 ego
1184 2258 1294 2342 Tupko

264 2376 360 2440 laudo
375 2382 408 2437 et
421 2373 584 2436 confirmo.

268 2724 471 2816 surmn
481 2725 539 2813 111.
549 2725 672 2812 rsus
683 2719 961 2814 consorano
969 2669 1303 2812 scuranum

698 2885 869 2950 MCthx.

635 3027 659 3080 ld
675 3031 779 3089 regesto
796 3024 921 3076 Ronrsoo.

348 3277 525 3360 Stephanus
541 3275 590 3337 dei
606 3273 708 3357 gracia
724 3293 781 3336 rex
791 3271 967 3354 hungarie,
980 3271 1150 3348 Daimacie,
1164 3273 1295 3338 Croacie

265 3391 444 3471 homoque,
466 3387 552 3448 Luce
574 3385 684 3447 eadem
705 3385 809 3465 gracia
830 3384 1053 3466 strigoniensi,
1075 3383 1188 3446 Cosme
1203 3385 1296 3447 Coto·

268 3501 354 3562 censi
380 3496 622 3577 archiepiscopis
652 3501 745 3576 atque
771 3497 914 3557 omnihus
940 3511 1050 3558 eorum
1074 3497 1295 3578 suffraganeis,

266 3609 434 3692 prepositis
450 3625 576 3688 quoque
590 3604 747 3686 regalibus
763 3625 822 3668 nec
837 3623 900 3667 rron
916 3605 1060 3668 omnihus
1075 3605 1296 3670 uniuersaliter

267 3717 484 3781 ecciesiasticis
505 3719 648 3799 personis
667 3715 699 3776 in
717 3716 868 3798 predictis
884 3716 1206 3798 archiepiscopatibus
1222 3735 1296 3778 con-

267 3829 391 3902 stitutis,
412 3836 473 3890 tarn
489 3828 689 3910 presentibus
704 3847 798 3909 quam
813 3827 935 3890 foturis.

349 3939 468 4000 iustum
491 3954 527 4001 ao
549 3938 669 4001 racioni
693 3947 938 4002 consentaneum
963 3958 1035 4003 esse
1060 3940 1234 4003 dinoscitur
1258 3959 1295 4004 ac

266 4055 443 4111 sanctarum
464 4049 689 4130 scripturarum
708 4051 894 4112 testimoniis
916 4052 1156 4133 comprobatur,
1185 4059 1221 4114 ut
1240 4051 1294 4133 qui

266 4161 354 4243 regie
366 4159 558 4224 celsitudinis
570 4161 693 4225 culmen
708 4163 746 4225 ah
760 4172 869 4225 eterno
880 4181 956 4246 rege
968 4169 1130 4227 merentur
1141 4165 1295 4244 accipere,

265 4272 304 4336 iis
329 4291 392 4355 que
417 4271 458 4336 ad
481 4273 615 4336 ecclesie
637 4281 669 4339 et
691 4271 922 4336 christianitatis
944 4280 1119 4338 noscuntur
1137 4269 1293 4354 tanturn
