2924 4758
284 351 346 422 308
387 376 412 422 s.
424 374 576 422 ornemur
588 375 679 424 neers
693 377 734 424 on
748 373 857 424 nonen
871 369 1084 422 rnsnrnrronu
1099 375 1201 422 creon.
1216 351 1280 441 (m)

284 551 366 606 mee,
386 551 427 594 ne
441 527 642 612 derelinquas
657 551 707 594 mo
721 530 754 592 in
770 529 909 613 cogitatu
922 537 976 594 tuo
991 529 1139 614 maligno.
1161 529 1322 594 extollen-

285 643 368 705 ciam
381 641 545 706 oculorum
564 662 708 706 meorum
728 663 793 704 nou
814 641 941 705 dederis
960 642 1053 716 mibi,
1075 650 1107 706 et
1120 643 1320 705 desiderium

286 753 458 834 malignum
482 763 590 815 auerte
612 773 710 815 ame.
737 752 864 816 domine
885 753 976 815 aufer
990 772 1008 815 a
1022 773 1073 816 me
1088 753 1319 836 concupiscen-

287 865 378 938 ciam,
394 871 424 926 et
439 865 544 926 animo
558 865 759 940 irreuerenti,
781 865 860 928 etin
875 863 1001 928 fremitu
1016 884 1056 926 ne
1070 865 1177 928 tradas
1190 885 1241 928 me
1257 865 1319 928 do-

286 975 381 1038 mine.
401 977 483 1038 benc
497 977 624 1058 quidem
640 977 819 1039 oracionem
835 976 954 1058 antiqui
969 977 1137 1038 utebantur
1152 996 1254 1040 orare.
1280 985 1317 1040 tu

286 1107 412 1170 quoque
436 1087 547 1150 eedem
573 1095 677 1162 utere,
704 1096 739 1150 ut
762 1089 839 1150 dens
862 1095 973 1151 cuncte
995 1089 1077 1150 nicia
1099 1109 1117 1150 a
1139 1097 1169 1151 te
1189 1089 1318 1152 auferre

287 1197 444 1280 dignetur,
473 1206 507 1260 ut
531 1198 751 1262 inuictissimus
776 1218 832 1261 rex
857 1218 875 1260 a
901 1199 1021 1267 cunctis
1045 1199 1226 1261 nomineris.
1258 1219 1319 1262 ora

287 1310 387 1370 eciam
401 1317 436 1371 ut
451 1308 603 1370 desidiam
618 1317 650 1370 ot
663 1308 888 1371 hebetudinem
904 1327 922 1369 a
936 1317 967 1372 te
983 1307 1129 1390 depellat,
1144 1317 1175 1371 et
1189 1307 1319 1390 supple-

286 1428 427 1482 mentum
443 1421 582 1482 omnium
601 1420 656 1481 tibi
678 1421 793 1484 tribuat
813 1419 979 1494 uirtutum,
1001 1419 1115 1502 quibus
1129 1421 1268 1483 uisibiles
1284 1429 1320 1484 et

286 1531 458 1594 inuisibiles
474 1532 582 1594 uineas
597 1531 750 1605 inimicos,
764 1538 798 1593 ut
812 1551 940 1594 securus
955 1539 986 1594 et
997 1533 1160 1612 expeditus
1177 1533 1216 1594 ab
1228 1533 1318 1596 omni

284 1643 464 1705 incursione
480 1644 750 1716 aduersariorum,
774 1663 844 1704 cum
860 1642 1004 1706 omnibus
1027 1643 1081 1706 tibi
1096 1644 1228 1708 subditis
1243 1663 1318 1706 cur-

287 1775 356 1816 sum
371 1754 460 1817 etatis
475 1761 528 1815 tue
545 1753 607 1816 uite
623 1773 693 1814 cum
708 1773 785 1834 pace
800 1752 901 1836 possis
915 1751 1016 1817 finire.

372 1975 553 2038 Carrrunuu
576 1976 616 2036 X.
657 1977 702 2038 De
712 1978 819 2056 pietate
833 1985 859 2038 et
872 1977 1072 2038 misericordia
1088 1979 1238 2058 ceterisque
1251 1979 1318 2038 oir-

288 2089 405 2149 tutibus.
448 2087 560 2148 Modus
582 2087 734 2150 uirtutum
754 2085 823 2148 finit
838 2105 987 2148 coronam
1000 2107 1126 2168 regum,
1149 2095 1180 2150 et
1194 2088 1227 2150 in
1241 2108 1318 2169 pre-

288 2199 386 2279 ceptis
402 2199 527 2279 ponitur
539 2199 688 2260 decimus.
709 2217 781 2260 nam
794 2197 939 2259 dominus
950 2197 1100 2259 uirtutum
1114 2198 1181 2280 ipse
1197 2206 1245 2262 est
1258 2219 1317 2260 rex

287 2331 415 2392 regum,
437 2309 517 2372 sicut
531 2311 578 2371 sui
593 2311 748 2372 exercitus
764 2309 888 2372 celestis
911 2309 1072 2390 plenitudo
1089 2309 1122 2371 in
1138 2310 1226 2372 denis
1241 2329 1319 2372 con-

287 2421 368 2484 sistit
391 2421 511 2493 choriS‚
533 2421 577 2482 sic
599 2427 651 2482 tue
673 2423 737 2483 uite
757 2420 961 2484 conuersecio
984 2420 1016 2482 in
1038 2420 1151 2483 decem
1173 2422 1318 2503 persistat

289 2531 453 2592 mandatis.
476 2537 600 2611 oportet
615 2550 723 2614 regem
740 2551 809 2593 esse
824 2531 930 2611 pium,
947 2529 1203 2606 misericordem,
1218 2540 1249 2594 et
1263 2549 1317 2594 ce-

287 2639 363 2702 teris
385 2640 551 2701 uirtutibus
572 2622 726 2702 imbutum
748 2647 780 2700 et
799 2648 952 2702 ornatum.
981 2661 1038 2703 rex
1053 2643 1136 2704 enim
1156 2641 1314 2722 impietate

288 2757 319 2812 et
335 2749 516 2812 crudelitate
531 2749 665 2822 sedatus,
686 2749 845 2810 incassum
865 2749 924 2812 sibi
938 2770 1055 2813 nomeu
1069 2751 1208 2814 uindicat
1222 2753 1314 2834 regis,

288 2862 361 2942 quia
377 2868 528 2944 tyrannus
547 2868 595 2922 est
607 2839 770 2922 dicendus.
798 2860 845 2922 Ob
859 2861 921 2924 hoc
935 2883 1011 2944 ergo
1025 2861 1069 2924 fili
1083 2843 1314 2937 amabilissime,

288 2971 423 3034 dulcedo
446 2970 551 3033 cordis
572 2971 649 3044 mei,
676 2991 748 3050 spes
770 2969 874 3034 future
896 2969 1029 3045 sobolis,
1057 2993 1182 3054 precor,
1210 2958 1312 3046 iubeo,

288 3089 323 3142 ut
343 3101 401 3162 per
415 3081 520 3142 omnia
542 3089 573 3142 et
594 3080 627 3140 iu
649 3081 793 3144 omnibus
815 3081 931 3162 pietate
953 3083 1107 3156 suffultus,
1129 3103 1193 3146 nou
1213 3083 1312 3145 solum

287 3191 448 3272 parentele
462 3198 493 3252 et
507 3191 704 3271 cognacioni,
724 3191 776 3252 uel
793 3191 984 3274 principibus
998 3193 1065 3256 siue
1081 3195 1224 3268 ducibus,
1245 3193 1310 3256 siue

283 3299 399 3382 uicinis
422 3308 454 3362 et
475 3300 584 3362 ineolis
607 3299 649 3362 sis
664 3301 832 3390 propicius,
854 3323 966 3364 uerum
982 3303 1081 3365 eciam
1096 3304 1261 3377 extraneis,
1283 3313 1312 3366 et

288 3409 405 3470 cunctis
427 3409 466 3470 ad
487 3418 518 3471 te
541 3409 749 3472 uenientibus.
776 3431 848 3472 nem
863 3431 942 3492 opus
958 3413 1081 3494 pietatis
1100 3413 1140 3474 ad
1161 3433 1311 3476 summam

289 3519 374 3580 ducit
394 3525 425 3581 te
439 3520 671 3582 beatitudinem.
700 3499 742 3582 sis
757 3521 935 3583 misericors
951 3525 1094 3586 omnibus
1110 3524 1174 3584 uim
1188 3518 1311 3604 pacien-

286 3630 390 3702 tibus,
421 3649 546 3710 semper
569 3630 646 3694 illud
675 3629 816 3701 diuinum
843 3630 877 3690 in
905 3632 974 3717 luis
991 3635 1165 3714 precordiis
1192 3610 1310 3696 habens

288 3739 481 3820 exemplum:
497 3740 742 3802 misericordiam
757 3741 829 3801 uolo
845 3746 877 3801 ct
890 3759 955 3802 non
969 3742 1165 3832 sucrificium.
1186 3743 1310 3824 paciens

275 3829 356 3910 'esto
372 3850 412 3910 ad
427 3869 553 3924 omncs,
575 3871 639 3912 non
654 3857 774 3912 tantum
787 3849 820 3910 in
836 3857 999 3930 potentes,
1016 3853 1073 3913 sed
1087 3829 1188 3917 eciam
1202 3861 1310 3942 poten-

289 3957 338 4021 cia
360 3949 513 4024 carentes.
541 3961 584 4020 sis
605 3959 741 4041 denique
763 3959 867 4034 fortis,
894 3980 934 4023 ne
956 3968 987 4023 te
1011 3962 1202 4044 prosperitas
1223 3961 1310 4024 nimis

266 4143 268 4154 Ι
288 4069 405 4146 eleuet,
428 4078 481 4133 aut
503 4071 677 4133 aduersitas
695 4077 726 4133 te
747 4069 881 4134 deiiciat.
909 4071 951 4134 sis
966 4091 1092 4154 quoque
1113 4071 1255 4146 humilis,
1279 4079 1311 4136 ut

289 4182 367 4250 deus
382 4189 413 4247 te
428 4173 525 4246 ellum
538 4179 632 4246 faciat
645 4179 697 4244 bic
711 4176 788 4248 etin
802 4180 918 4246 futuro.
939 4181 982 4248 sis
996 4197 1073 4248 uere
1088 4178 1260 4260 modestus,
1278 4190 1311 4252 ut
