2904 4754
240 417 397 466 emensas.
412 415 585 464 inconsona
606 415 710 462 orator
723 413 921 460 neauszrun.
956 389 1045 456 idid.
1099 390 1159 456 ida

115 573 317 638 carnacione
342 569 461 636 domiui
487 569 654 635 millesimo
680 565 894 632 ducentesimo
916 563 1157 646 quadragesimo

117 695 253 770 quarto,
274 683 365 766 regni
385 690 491 758 autem
505 681 605 744 nostri
624 699 706 742 anno
729 698 823 754 nono,
843 686 874 740 et
889 689 1002 741 octauo
1016 676 1084 738 Kal.
1098 677 1160 738 De-

120 798 278 862 cumbris.

204 1159 409 1246 STEPHANI
434 1157 745 1244 tuoffltrtstttrl
773 1154 1089 1240 stalatttttttls

488 1335 806 1436 LIBERTAS

178 1519 416 1585 rncoinnuu
451 1519 583 1582 ommi
621 1517 865 1580 nanaszron.
922 1515 1114 1578 ncexivr.

465 1674 487 1724 E
505 1673 631 1725 tabulario
649 1671 833 1768 Strigpnionsi⁴

535 1825 765 1839 ...η-...Μ

216 1933 395 2016 Stephanus
412 1933 668 2015 archiepiscopus
680 1931 910 2014 *strigoniensis
930 1932 1040 1994 incolis
1055 1931 1164 2014 oppidi

127 2048 304 2110 Keresztur
323 2047 381 2108 has
404 2045 490 2108 dedit
511 2045 688 2109 libertates:
710 2038 858 2108 nimirum
873 2045 958 2126 quod
979 2044 1165 2125 hospitibus,

131 2159 188 2240 qui
202 2159 243 2220 ad
257 2166 374 2221 terram
389 2165 501 2219 sancte
512 2157 613 2219 erucis
627 2157 660 2218 iu
675 2157 765 2220 Susal
781 2157 890 2218 uenire
905 2155 1079 2229 noluerint,
1099 2164 1165 2218 tam

131 2269 192 2332 sibi
203 2287 300 2351 qnam
310 2267 415 2330 comiti
430 2287 487 2329 suo
502 2286 561 2349 per
572 2266 740 2328 triennium
755 2287 818 2328 non
835 2267 967 2328 sobiant.
988 2266 1165 2328 libertatem

133 2390 241 2444 autem
256 2389 319 2442 tam
335 2379 534 2461 presentibus
549 2387 644 2461 quam
658 2379 768 2440 futuris
784 2377 878 2441 talem
893 2377 1065 2442 concessit:

219 2494 281 2567 (1)
301 2491 445 2554 Decimus
467 2511 540 2554 suas
566 2491 721 2553 dimittent
739 2491 772 2554 in
787 2509 1002 2572 campomore
1018 2489 1167 2554 Teutoni·

136 2623 259 2666 corum.

221 2717 282 2792 (2)
303 2716 382 2778 item
397 2717 438 2780 de
457 2736 521 2778 nno
537 2723 641 2779 aratro
657 2716 781 2777 soluent
796 2715 901 2776 comiti
919 2734 977 2776 suo
992 2733 1089 2776 unum
1103 2713 1167 2776 ier-

135 2837 255 2893 tonem.
286 2828 320 2890 bi
340 2811 393 2910 qui
415 2836 488 2892 sunt
508 2828 578 2890 sine
598 2835 717 2901 aratro,
746 2827 829 2888 etin
852 2828 996 2888 domibus
1016 2827 1166 2898 aliorum,

47 2986 52 2993 -
136 2941 265 3003 soluont
279 2959 377 3002 unum
390 2941 515 3022 pondus
530 2948 561 3002 et
575 2937 736 3000 dimidium
751 2937 866 3019 hospiti
881 2957 948 2998 suo.

171 3119 179 3134 ‚
222 3051 281 3126 (3)
302 3051 378 3112 item
392 3050 510 3112 femine
525 3051 565 3112 ad
580 3048 693 3110 multas
705 3067 815 3111 causas
829 3046 984 3128 legitimas
1000 3046 1168 3108 admittun-

137 3171 199 3236 tur,
222 3169 352 3242 excepta
368 3180 464 3224 causa
478 3162 563 3224 furti.

183 3295 190 3304 ’
223 3273 281 3347 (i)
303 3271 381 3336 Cum
397 3273 494 3335 uicini
514 3273 554 3334 ad
568 3272 791 3354 purgacionem
806 3271 981 3332 faciendam
1000 3290 1063 3332 imn
1080 3270 1170 3332 neni-

139 3391 209 3458 unt,
224 3393 299 3447 tuno
314 3384 426 3454 mulier
438 3383 610 3447 admittitur
620 3385 659 3446 ad
673 3383 850 3445 sarciendam
862 3382 1087 3464 purgacionem
1099 3403 1171 3446 com

138 3495 329 3558 iuramento.
352 3501 383 3556 et
396 3493 423 3554 si
436 3493 589 3556 iurauerit
603 3493 706 3556 soluet
719 3495 877 3556 sacerdoti
892 3494 1058 3570 duodecim
1073 3495 1171 3556 dena-

138 3605 217 3668 rios.
237 3605 263 3664 si
278 3623 343 3667 non
357 3604 454 3677 iuret,
475 3604 579 3666 soiuet
592 3603 803 3666 maiori-uide.
851 3599 852 3605 '

226 3717 283 3790 (5)
304 3715 384 3777 Item
402 3717 434 3781 iu
457 3715 602 3778 omnibus
625 3717 726 3778 causis
746 3716 945 3797 pecuniariis,
975 3727 1081 3798 preter
1101 3716 1172 3778 uin-

143 3827 260 3890 dictam
274 3825 451 3908 sanguinis‚
472 3846 529 3908 pro
545 3827 659 3890 mulcta
674 3827 791 3888 debent
807 3826 881 3888 dare
897 3827 1059 3909 sexaginta
1074 3827 1172 3890 dena-

141 3939 224 4002 riost
238 3939 272 4002 in
284 3937 499 4005 criminalibus
516 3939 617 4002 causis
631 3939 804 4021 puniuntur
814 3959 907 4002 more
921 3939 1105 4024 hungarico.

227 4052 290 4126 (6.)
311 4050 390 4113 item
411 4050 450 4112 de
465 4050 561 4113 rebus
575 4050 737 4114 morientis
752 4051 820 4116 sine
834 4051 953 4115 herede
969 4071 1074 4116 comes
1090 4053 1173 4116 acci·
1206 4100 1214 4112 o

143 4163 211 4246 piet
223 4181 329 4238 unam,
343 4181 438 4247 qnam
451 4162 598 4228 uoluerit.
619 4163 659 4228 de
674 4163 787 4230 ceteris
803 4164 939 4228 moriens
954 4164 1101 4247 disponet
1113 4180 1172 4246 pro

146 4293 208 4342 sua·
228 4274 400 4344 uoluntate.
443 4275 571 4343 einero
592 4275 759 4344 intestatus
784 4275 935 4355 decedet,
965 4274 1174 4344 deuoluautur
