2904 4754
135 424 442 479 srsrsnruvennms
455 427 633 486 musore
648 427 799 480 nocensne
811 429 980 478 eminuere.
995 412 1086 482 lb'llr
1113 409 1181 480 bib

138 603 222 650 num
248 586 423 666 gnbernare
448 585 553 651 ualeat
576 593 608 648 et
629 586 672 648 eb
689 585 867 650 incursibus
890 587 1044 656 malorum
1065 587 1176 652 desen*

140 715 250 760 sere„
864 709 866 714 ’

157 843 160 846 -
228 809 308 884 (13)
329 810 406 872 ltem
422 810 573 874 decimo-n
597 817 716 891 purtem
731 811 870 876 omnium
891 811 1096 886 tributorum,
1117 833 1175 895 per

142 933 379 1003 quemcumque
408 922 491 1002 exigi
520 927 759 997 consuetorum,
791 922 823 983 in
850 923 1000 985 comitatu
1027 925 1177 988 uidelicet

141 1033 284 1106 borsod,
299 1031 475 1106 ithacium,
497 1033 659 1114 Zemplen,
674 1033 758 1115 Ung,
778 1034 934 1109 SuebolcS,
948 1037 1081 1110 Zurend,
1095 1038 1176 1100 llus-

143 1141 278 1217 zolnolr,
299 1142 406 1204 lleues
420 1143 687 1224 bruseueregh,
708 1151 740 1206 et
754 1145 893 1226 Ug'ocsa:
916 1147 971 1228 q'ui
993 1147 1055 1209 duo
1076 1148 1175 1212 ultimi

143 1253 322 1326 comitatus,
335 1253 455 1317 scilicet
469 1252 595 1336 Ugocba
610 1263 641 1316 et
654 1255 795 1336 Beregb,
810 1255 938 1320 luerunt
952 1255 1070 1320 foreste
1085 1275 1175 1320 sonc-

143 1371 250 1428 torom
272 1385 382 1446 regum
405 1367 511 1432 traditi
528 1376 563 1430 'ct
583 1367 691 1430 donati
709 1387 765 1448 per
787 1368 1030 1448 predecessores
1051 1377 1174 1434 nostros

144 1475 280 1538 ecclesie
293 1475 436 1557 Agriensi
455 1497 552 1558 supro
566 1479 647 1542 dicte
661 1480 694 1540 in
709 1479 836 1542 decimis
852 1479 993 1540 dicendis
1009 1487 1040 1542 et
1055 1481 1177 1562 persola

143 1587 269 1660 uendis,
290 1595 385 1668 prout
397 1589 495 1652 ceteri
512 1589 687 1652 comitatus.

229 1698 311 1776 (ll)
333 1700 408 1762 ltem
423 1701 545 1764 'decime
560 1701 626 1762 uini
642 1701 785 1764 omnibus
801 1701 999 1766 eomitatibus
1012 1703 1069 1766 ubi
1081 1704 1176 1767 uince

144 1819 220 1876 suut
234 1811 375 1892 plantate
398 1811 449 1873 uel
472 1811 695 1893 plantabuntur
713 1815 745 1874 in
766 1821 944 1894 posterum,
966 1836 1023 1898 per
1037 1815 1176 1879 decime·

143 1933 231 1988 tores
247 1923 386 2004 epis-copi
408 1924 460 1988 uel
474 1925 602 2005 capituli
618 1925 813 2000 dicabuntur,
835 1935 867 1988 et
888 1926 1053 2008 exigentur
1066 1947 1107 1990 ex
1127 1929 1175 1990 in·

143 2043 245 2118 tegre,
276 2044 407 2116 excepto
433 2035 579 2098 comitatu
606 2037 645 2097 de
669 2037 806 2110 anand,
833 2037 886 2098 ubi
910 2036 984 2100 uina
1010 2037 1174 2101 decimalis

144 2146 205 2208 soli
220 2145 414 2228 episcopatui
433 2147 661 2228 dignoscuntur
675 2147 842 2228 pertinere.
872 2181 875 2190 2
950 2200 952 2206 ,

183 2275 186 2278 ·
230 2260 309 2334 (15)
332 2259 410 2320 ltem
433 2259 575 2340 hospites
590 2261 753 2325 uenientes
772 2261 811 2322 od
832 2261 1024 2322 monendum
1040 2249 1176 2333 ethnos

143 2371 274 2433 tandum
296 2371 328 2431 in
343 2371 594 2452 possessionibus
609 2371 743 2435 ecclesie
756 2373 917 2454 Agriensis
941 2372 1008 2434 sine
1024 2374 1108 2436 omni
1127 2381 1176 2437 te-

143 2483 230 2546 lonio
254 2489 286 2545 et
305 2481 421 2546 tributo
442 2503 501 2564 per
521 2481 591 2544 loco
611 2485 799 2547 tributorum
819 2493 980 2548 transeant
1000 2493 1031 2548 et
1046 2485 1175 2549 uenient

144 2594 357 2677 permansuri,
378 2595 518 2675 exceptis
533 2595 760 2659 mercatoribus
774 2593 949 2678 hospitibus
965 2586 1107 2672 ecclesie,
1118 2597 1174 2680 qui

145 2703 178 2764 in
192 2703 270 2766 loeis
284 2701 472 2766 tributorum
486 2704 667 2785 persoluent
680 2707 793 2768 tributo
808 2715 968 2770 consueto.
1059 2723 1061 2730 ·

227 2816 305 2891 (16)
326 2815 404 2878 ltcm
419 2815 576 2880 ciuitatem
591 2817 776 2899 Agriensem
791 2825 822 2880 et
836 2819 939 2891 ciues,
961 2818 1052 2883 uillas
1071 2828 1102 2882 ct
1115 2820 1175 2882 uil-

143 2927 243 3002 leuos,
264 2927 480 3009 possessiones
501 2949 610 2991 omnes
632 2937 663 2990 et
687 2928 826 3009 singulas
847 2931 1042 3004 mansiones,
1063 2930 1175 2992 condia

147 3039 301 3102 eiouerios
324 3047 355 3102 et
374 3038 520 3112 ussellos,
542 3037 662 3102 nobiles
684 3059 767 3112 suos,
789 3039 821 3100 in
836 3039 1027 3120 quibuslibet
1045 3043 1173 3104 comite·

146 3151 227 3213 tibus
248 3151 436 3223 existentes,
465 3151 570 3216 nullus
590 3151 932 3225 iudicum,barounm‚
954 3152 1171 3238 palatinorum,

146 3261 198 3326 uel
218 3263 330 3344 quouis
351 3261 412 3323 elio
435 3263 562 3326 nomine
583 3262 792 3335 nominentur,
820 3261 986 3336 iudicabit,
1007 3264 1065 3326 scd
1086 3263 1171 3328 solus

147 3374 312 3456 episcopus
336 3373 498 3455 Agriensis
524 3381 556 3438 et
582 3372 752 3456 capitulum
777 3375 935 3450 ciusdem,
964 3375 1016 3438 uel
1036 3375 1172 3440 uicerius

147 3493 198 3548 aut
219 3505 335 3559 comes,
357 3487 529 3566 peripsum
548 3485 731 3566 episcopum
749 3487 927 3568 deputatus
949 3495 979 3551 ct
1002 3488 1172 3572 unicuique

146 3595 256 3658 reddet
269 3595 318 3656 ius
333 3617 424 3660 suum
445 3595 565 3677 petenti
585 3596 625 3658 dc
642 3615 951 3678 quacunqucoause,
972 3597 1047 3661 ioris
1061 3601 1172 3664 ordine

147 3707 328 3782 obseruato,
361 3706 414 3788 qui
439 3707 465 3768 si
489 3707 611 3769 iusticie
636 3695 899 3790 complementum
923 3711 1173 3774 redderereeu-
1233 3785 1238 3790 .

146 3824 243 3891 seret,
265 3818 349 3881 idem
369 3819 536 3900 episeopus
558 3827 589 3882 et
603 3836 667 3882 non
687 3819 766 3885 alius
781 3820 821 3882 ed
835 3819 1032 3901 presenciam
1052 3823 1172 3904 regiam

146 3929 299 4002 citabitur,
321 3927 360 3992 de
375 3949 432 3992 sue
446 3923 643 4012 negligencia
656 3937 688 3993 ct
701 3929 741 3993 de
756 3950 821 3994 non
834 3931 956 3996 reddita
976 3933 1100 3998 iusticie
1121 3953 1173 3996 rs*

146 4041 268 4106 cionem
282 4029 474 4106 redditurus.

225 4152 305 4230 (17)
326 4152 404 4215 Item
426 4153 512 4236 quod
532 4152 635 4218 nullus
649 4154 870 4237 episcoporum
889 4157 1106 4240 possessiones
1120 4175 1173 4221 ee·

146 4261 241 4328 clesio
254 4261 416 4348 Agriensis
438 4265 650 4338 uendere-sou
668 4267 781 4351 quouis
796 4267 892 4332 modo
910 4267 1046 4332 elicuere
1060 4269 1173 4350 possit,
