2904 4754
255 377 317 446 idi
358 397 446 444 saun
460 397 502 444 ιν.
515 395 605 446 mass
623 395 772 446 umarus
788 395 892 444 crrrnu
906 394 1165 446 annumeratus.
1196 376 1311 444 1266.

258 553 414 638 largitore.
435 553 523 636 regio
544 551 772 634 speculacionis
794 559 826 614 et
846 549 1064 616 sollicitudinis
1086 571 1157 617 esse
1179 551 1307 625 debet,

256 665 422 748 inuigilare
443 665 638 728 subditorum
660 663 807 728 remediis
830 671 862 724 et
876 663 991 746 quieti,
1012 671 1044 724 et
1057 681 1113 726 eos
1137 663 1304 744 prosequi

260 776 404 858 ampliori
420 773 637 838 munificencia
651 774 755 856 gracie
772 773 927 858 specialis,
949 782 983 838 ut
996 782 1082 836 tanto
1096 771 1141 836 illi
1157 793 1198 837 ex
1211 773 1304 836 bde-

258 883 340 950 libus
364 885 536 960 fideliores,
568 893 599 950 et
624 886 811 950 deuociores
838 904 871 947 sc
897 884 1067 965 exbibeont
1092 904 1133 949 ex
1156 883 1301 957 deuotiS‚

260 1004 376 1082 quanto
400 997 521 1080 pociori
545 997 695 1060 libertatis
719 995 873 1058 beneficio
898 1015 936 1057 cx
958 994 1073 1078 regalis
1097 995 1298 1076 prouisionis

261 1109 344 1172 dono
360 1127 415 1171 eos
430 1107 594 1190 contigerit
608 1106 767 1190 gratulari.
789 1107 920 1190 proinde
936 1108 975 1170 ad
994 1107 1218 1168 uniuersorum
1231 1126 1296 1168 no-

258 1219 364 1284 ticino
384 1218 495 1280 barum
516 1218 598 1280 seria
617 1217 763 1280 uolumus
782 1218 963 1300 peruenire,
985 1216 1069 1298 quod
1092 1235 1192 1298 quum
1214 1215 1290 1277 olim

259 1328 338 1392 lines
353 1337 385 1394 et
398 1328 523 1391 termini
536 1327 626 1410 regni
643 1347 700 1392 seu
720 1329 851 1390 docatus
866 1325 1050 1400 Sclnuonie,
1072 1326 1229 1388 coutinuis
1243 1325 1290 1387 la-

258 1438 475 1504 trunculorum
489 1447 521 1502 et
535 1438 751 1522 frequentibus
766 1439 996 1501 incursionibus
1009 1437 1220 1520 pulsarentur,
1230 1457 1288 1498 nos

259 1559 323 1614 tam
338 1549 475 1614 conuicti
490 1557 595 1614 nostre
610 1549 753 1636 proprie,
775 1569 868 1634 qnam
888 1549 1087 1612 subditorum
1106 1558 1289 1614 nostrorum

258 1661 365 1724 inillis
380 1661 520 1744 partibus
535 1661 723 1744 degencium
738 1659 896 1726 securitati
910 1661 1104 1743 prospicere,
1120 1661 1290 1728 salubriter

260 1774 439 1856 cupientes,
461 1781 595 1835 castrum
617 1773 649 1834 in
671 1781 778 1836 monto
799 1773 903 1836 Grech
923 1773 1010 1834 iuxta
1024 1773 1225 1854 Zograbiam,
1246 1773 1290 1834 ob

259 1883 427 1946 tuicionem
443 1885 614 1946 eorundem
629 1884 853 1959 confiniorum,
875 1885 1073 1948 decr-coimus
1094 1887 1292 1948 constituen-

261 1996 346 2058 dum.
381 1995 413 2058 in
434 1996 523 2060 cuius
545 1995 639 2060 castri
663 1997 925 2060 constructionem
948 1994 1059 2058 fideles
1078 1997 1179 2062 nostri
1203 1995 1291 2060 ciues

260 2107 402 2170 eiusdem
420 2106 529 2182 castri,
550 2108 583 2172 in
603 2106 778 2170 edificando
794 2107 903 2170 domos
919 2107 1051 2180 ibidem,
1073 2114 1105 2170 ot
1119 2107 1197 2170 alias
1214 2107 1290 2170 edes

258 2217 331 2280 illuc
345 2219 574 2292 transierendo,
595 2224 715 2280 sumtus
734 2237 798 2278 non
813 2217 963 2290 modicos,
983 2217 1108 2280 labores
1124 2217 1291 2282 continuos

260 2337 292 2394 et
303 2329 417 2392 damna
431 2329 564 2412 plurima
578 2329 735 2412 usquead
747 2328 996 2392 euirrsuicionem
1013 2338 1153 2392 extreme
1166 2330 1291 2392 uirtutis

259 2438 393 2502 fideliter
414 2441 591 2513 subierunt,
612 2448 808 2520 exponentes
829 2461 863 2504 se
885 2447 917 2502 ct
939 2461 996 2504 sua
1017 2440 1077 2504 illis
1092 2427 1291 2524 temporibus

259 2570 317 2634 pro
332 2549 420 2631 regio
434 2551 500 2612 siue
516 2551 648 2616 ducatus
667 2552 789 2614 honore
805 2553 923 2616 crebris
939 2552 1086 2634 periculis
1106 2561 1139 2616 et
1152 2553 1292 2616 fortune.

259 2679 317 2722 nos
341 2661 435 2743 igitur
452 2661 633 2724 huiusmodi
658 2663 854 2744 obsequiosis
879 2673 911 2726 et
932 2665 1101 2728 sumtuosis
1127 2665 1290 2726 laboribus

258 2771 400 2854 ipsorum
421 2781 508 2856 grata
531 2771 673 2836 uolentes
694 2773 907 2836 uicissitudine
923 2775 1127 2857 respondere,
1146 2775 1229 2838 hano
1245 2775 1291 2836 eis

257 2883 491 2966 prerogatiuam
507 2883 707 2948 concedimus
722 2884 889 2948 libertatis:
1154 2969 1158 2972 Β

341 2997 379 3060 Ut
397 3015 456 3059 nec
478 3015 585 3078 perse
609 2995 817 3078 personaliter
834 2997 873 3060 od
901 2999 1087 3072 exercitum,
1111 3019 1207 3082 quem
1231 3019 1289 3063 nos

258 3107 310 3170 uel
325 3108 521 3170 carissimum
542 3107 640 3170 lilium
660 3116 800 3170 nostrum
823 3109 983 3171 dominum
1005 3107 1126 3184 belam,
1148 3110 1289 3174 inclitum

258 3219 373 3281 ducem
386 3219 487 3282 tocius
502 3217 666 3281 Sclauonie
681 3231 712 3284 et
727 3219 874 3296 Croacie,
898 3221 1031 3284 diuersis
1045 3223 1240 3304 temporibus
1257 3230 1289 3286 et

189 3379 192 3384 ,
259 3329 513 3410 quandocunque
528 3329 632 3391 facero
647 3329 821 3413 contigerit,
834 3331 880 3394 ire
896 3331 1082 3406 nullatenus,
1093 3352 1153 3397 nec
1168 3333 1287 3416 aliquid

258 3446 388 3522 propter
401 3438 479 3514 hoo,
501 3439 553 3502 uel
576 3440 643 3506 elus
657 3443 821 3507 occasione
845 3443 935 3508 nobis
955 3443 1007 3506 uel
1030 3443 1089 3508 sibi
1102 3443 1286 3526 impendere

259 3555 435 3612 teneantur.
471 3550 600 3612 eosdem
622 3543 751 3634 quoque
771 3552 886 3616 nullius
908 3555 1096 3628 exactionis,
1124 3555 1208 3619 tollie
1231 3577 1286 3619 seu

261 3657 410 3734 collecte,
442 3659 494 3722 uel
521 3661 688 3746 cuiuslibet
713 3662 837 3743 publice
862 3663 1047 3739 functionis,
1077 3673 1132 3728 aut
1155 3667 1287 3732 aliorum

259 3769 349 3850 regni
371 3769 544 3834 incolarum
566 3791 645 3834 onus
668 3773 773 3836 subire
794 3775 950 3850 uolumus,
971 3778 1028 3839 scd
1050 3777 1111 3841 sint
1128 3797 1148 3840 a
1168 3787 1287 3860 presta-

260 3881 350 3943 ciouc
373 3883 544 3946 earundem
565 3884 803 3966 inperpetuum
823 3885 913 3953 liberi
933 3889 1149 3954 etimmunes.
1176 3889 1220 3955 ita
1241 3899 1288 3953 ta·

258 4009 348 4066 men,
370 3993 454 4076 quod
469 3993 610 4076 predicto
626 3995 697 4058 duci
712 3995 804 4071 liele,
832 3998 992 4062 carissimo
1007 3997 1078 4062 lilio.
1087 4008 1207 4078 nostro,
1231 4001 1287 4064 XL

258 4122 379 4166 marcas
400 4102 598 4167 solummodo
619 4105 652 4170 in
672 4107 775 4170 usuali
796 4116 937 4183 moneta,
961 4109 1048 4172 cuius
1072 4109 1199 4194 quidem
1221 4132 1289 4174 mo·

258 4221 332 4280 ueto
356 4213 490 4279 ducente
516 4216 852 4306 ponselpredictarum
874 4218 930 4284 XL
951 4205 1127 4288 marcarum
1146 4223 1288 4292 ualorem
