2978 4754
486 465 669 516 nraesrnuu
694 468 735 514 or
757 466 869 524 annm.
1130 447 1191 514 r1o

163 626 268 699 sione,
289 624 342 705 qui
362 643 432 684 cum
456 632 487 688 et
500 623 567 704 ipse
583 631 727 704 negaret,
748 621 908 704 Uingizlou
922 639 1028 687 comos
1044 619 1192 684 deleth·

164 754 241 809 mar,
262 753 319 816 per
333 733 517 816 pristaldum
532 735 658 797 nomine
675 733 798 796 Chentu
818 733 900 796 misit
913 733 1116 806 Uaradiuum,
1137 729 1192 794 ubi

163 847 262 910 Uosos
277 852 400 926 portato
415 844 500 906 ferro
516 845 699 908 combustus
712 853 770 907 est.

245 955 333 1039 (318)
357 955 460 1018 nehus
488 964 519 1018 et
538 955 640 1022 Butha
668 958 708 1020 de
730 957 804 1019 uilla
825 956 960 1020 Cheusci
984 955 1194 1038 impecierunt

163 1069 299 1142 flauum,
320 1067 497 1142 Nicolaum,
520 1069 657 1141 Teium,
678 1070 823 1142 Petrum,
845 1077 877 1131 et
897 1067 991 1134 alium
1006 1069 1132 1130 Petrum
1152 1066 1192 1134 dc
1281 1075 1285 1084 ’

163 1181 324 1245 Humeroo
348 1199 404 1259 pro
428 1179 607 1252 latrocinio,
636 1179 739 1242 iudice
761 1179 858 1242 Paulo
883 1177 991 1242 curiali
1014 1177 1127 1240 comite
1152 1177 1192 1240 dc
1277 1229 1279 1244 .

163 1291 278 1354 Bichor
302 1297 333 1354 et
354 1289 449 1352 biloto
472 1289 602 1364 Cibout,
631 1291 779 1372 pristaldo
801 1291 936 1364 Martiao
966 1290 1005 1352 do
1028 1288 1193 1353 Curmusd.
1235 1325 1237 1330 2

164 1402 311 1466 Uaradini
335 1409 441 1464 autem
467 1400 598 1484 predicti
619 1401 812 1484 impetitores
833 1401 1093 1483 subterfugerunt
1110 1399 1193 1472 iudi-
1222 1437 1224 1444 ν

164 1515 246 1576 oium
271 1513 346 1578 ferri
371 1513 552 1586 candentis,
579 1514 719 1576 dieentes
743 1534 777 1576 se
802 1513 882 1579 falso
907 1511 1040 1596 peciisse
1062 1510 1130 1574 iilos
1152 1510 1191 1575 de

164 1626 338 1689 latrocinio.
1022 1604 1028 1618 ’

249 1734 334 1818 (319)
355 1737 466 1819 Magus
482 1737 522 1800 de
534 1737 635 1822 Scegu
650 1737 689 1800 de
706 1737 780 1800 uilia
790 1737 917 1812 Uduori,
933 1718 1194 1800 coadiuuentibus

166 1848 351 1912 conciliunis
373 1869 498 1922 eorum,
519 1850 726 1930 impertierunt
746 1851 856 1914 Ianum
872 1848 1084 1913 conuillauum
1103 1859 1194 1910 suum

167 1960 206 2024 de
220 1959 314 2032 furto,
334 1959 438 2022 iudice
451 1960 586 2022 Martino
600 1961 729 2033 comite,
750 1958 900 2040 pristaldo
911 1957 994 2022 Uois.
1013 1958 1107 2034 Ianus
1122 1973 1194 2018 eum

166 2070 246 2132 solui
267 2071 412 2146 deberet,
440 2069 641 2153 confugituri
664 2069 844 2144 eeclesiam,
874 2069 981 2132 dicens
1009 2088 1045 2132 se
1063 2067 1194 2130 combu-

165 2189 260 2244 stum.

249 2289 333 2374 (320)
364 2293 493 2368 Paulus,
525 2294 564 2356 de
591 2294 664 2358 uilia
689 2296 803 2368 lunas
822 2293 965 2376 impe‘eiit⁴
984 2271 1207 2364 conciliantur⁵

166 2421 276 2480 cuam,
295 2405 423 2470 nomine
439 2407 582 2468 Seemam
606 2407 645 2472 de
665 2393 830 2468 ueneficio.
860 2406 961 2474 iudice
975 2405 1123 2468 Faroasio
1145 2422 1195 2468 ar-

167 2515 351 2584 chidiacono
363 2517 550 2589 dalocum,
564 2516 717 2597 pristaldo
729 2515 902 2597 Stephano.
923 2515 1195 2588 UaradiuiPaulua

155 2625 303 2712 ,absoluit
315 2625 417 2699 iliam,
439 2627 599 2708 spondeus
613 2647 648 2688 se
662 2627 841 2693 satisfacere
856 2626 962 2690 iudici.
985 2627 1038 2690 ilia
1052 2647 1130 2693 uero
1145 2645 1196 2692 sa·

167 2737 326 2802 tisfaccret
339 2735 500 2818 pristaldo‚
523 2746 554 2802 et
568 2739 713 2818 capitulo.

253 2844 337 2929 (321)
360 2848 442 2910 Uxor
457 2846 616 2928 Teleguen
638 2857 669 2910 et
687 2847 770 2912 filius
790 2836 858 2912 eius
878 2847 1027 2930 Cumpert
1046 2847 1197 2932 impacie-

167 2968 241 3024 runt
255 2960 333 3022 duos
349 2979 460 3024 seruos
473 2959 628 3033 Olodarii‚
649 2959 798 3022 uidelicet
811 2962 864 3024 Sal
879 2969 911 3024 et
924 2961 1050 3034 Budua,
1069 2969 1103 3026 ct
1116 2961 1197 3032 duos

167 3069 372 3151 ioubagiones
395 3071 535 3143 Ioannis,
557 3069 676 3132 scilicet
698 3072 804 3132 Sudan
829 3079 860 3134 ot
879 3071 993 3146 Uolou,
1013 3079 1045 3136 et
1065 3073 1197 3139 totidem

168 3181 344 3249 seruientes
360 3180 438 3254 Beli,
460 3179 580 3244 scilicet
591 3182 741 3250 loannem
764 3189 795 3252 et
808 3183 936 3246 Petrum
950 3203 1007 3265 pro
1021 3183 1198 3264 latrocinio,

144 3291 272 3356 xiudice
290 3289 418 3355 Nicolao
440 3291 552 3354 comite
570 3292 726 3374 palatino,
747 3293 898 3374 pristaldo
918 3294 1073 3376 Philippo.
1100 3304 1133 3360 et
1152 3293 1198 3356 itti

170 3401 297 3484 quidem
321 3422 378 3466 sex
403 3399 548 3464 Uaradini
576 3411 699 3483 portato
723 3404 808 3466 ferro
832 3403 990 3469 iustificati
1015 3412 1105 3480 sunt,
1139 3405 1198 3470 scd

169 3521 276 3600 preter
295 3512 366 3576 illos
389 3513 597 3594 prenominati
619 3522 816 3584 accusatores
836 3513 1046 3596 impeciorunt
1066 3516 1197 3587 niueum

123 3705 126 3709 ι
170 3623 391 3706 ioubagionem
406 3623 565 3698 Iohannis,
581 3633 612 3687 et
628 3625 790 3688 dominum
804 3626 965 3719 Scenezeti
977 3627 1199 3710 ioubagionem

171 3732 292 3816 abbatis
308 3735 347 3798 do
362 3734 495 3798 Heuiuz.
526 3753 660 3816 quorum
674 3732 801 3810 Albeus,
820 3736 965 3806 senciens
979 3756 1014 3803 se
1029 3757 1100 3805 esse
1113 3757 1200 3800 oum·

170 3848 296 3913 nostum
305 3889 315 3920 ‚
337 3845 478 3927 confugit
492 3847 532 3910 ad
547 3846 722 3913 ecclesiam.
752 3848 912 3919 Sceneze'u
927 3867 1004 3912 uero
1020 3847 1200 3914 combustus

172 3963 231 4031 cst.

253 4061 339 4148 (aaa)
360 4066 461 4130 naam
475 4065 704 4150 urrusuouny
719 4067 759 4130 ue
773 4066 848 4132 urna
861 4069 958 4134 renen
971 4067 1112 4152 imponit
1126 4018 1203 4138 eon-

170 4178 322 4264 oillautm
342 4199 435 4247 suum
455 4179 583 4262 nomine
605 4177 753 4259 Paulum,
775 4181 883 4254 dicens
907 4182 993 4264 quod
1014 4199 1112 4244 uuum
1133 4197 1202 4252 ser·

170 4310 251 4373 uam,
265 4310 361 4361 suum
380 4292 509 4362 nomine
524 4290 651 4373 Uotem,
672 4300 705 4360 et
721 4291 852 4370 alteram
873 4293 1018 4368 maltam
1036 4309 1125 4363 suam
1139 4291 1200 4362 aa.

1416 4357 1449 4390 A
1477 4357 1479 4390 Ι
