3048 4760
275 405 354 504 5ch
420 421 687 474 ,rosmrrcrronss
707 423 844 468 srnonns
865 421 1020 468 secessas
1060 405 1153 470 rme

274 576 389 638 cultate
405 577 589 650 dimiserint,
601 585 635 640 et
649 577 828 660 quicunque
836 577 896 640 ulit
905 578 948 640 de
963 581 1070 640 cetero
1083 575 1191 660 atqua
1203 577 1302 641 bene-

273 687 343 751 ficia
365 687 576 750 ecclesiastica
599 710 654 770 per
669 709 779 752 manns
794 690 972 770 receperint
984 689 1153 764 laicorum,
1175 698 1207 752 et
1221 689 1303 753 elccs

273 800 424 874 tionibus,
446 801 729 882 postulacionibns,
750 800 997 882 prouisicnibus,
1018 819 1076 862 seu
1096 802 1303 864 institucioni-

274 912 333 972 lrus
347 912 387 974 ad
402 911 511 985 mines,
532 913 805 984 commiuaciones
824 921 972 986 terrores,
993 913 1066 974 siae·
1079 913 1302 994 impressiones

273 1023 442 1095 laicorum,
464 1043 725 1106 quorumcunque
746 1025 877 1086 aliorum
900 1025 1151 1106 presumpserint
1169 1043 1302 1088 oensem

273 1135 351 1208 tire,
373 1155 413 1196 ex
427 1143 501 1196 tunc
514 1155 548 1197 sc
562 1137 1011 1200 scient-excommunicacionis
1024 1135 1304 1198 sentenciesnlria·

275 1265 363 1320 cere,
390 1248 540 1329 ipsosque
566 1267 623 1327 per
645 1248 841 1321 diocesanos,
862 1256 895 1309 et
917 1246 993 1310 alios
1019 1246 1134 1328 ortibus
1148 1247 1303 1322 ecclesie,

275 1360 480 1431 monasteria,
509 1367 539 1421 et
559 1357 713 1422 beneficia
735 1367 807 1422 srrnt
827 1355 969 1422 subiecta
995 1359 1151 1440 purten,-
1185 1357 1312 1422 arctius.

274 1469 508 1550 compellendos
531 1489 570 1531 ea
591 1470 767 1543 dimittere,
788 1477 820 1532 et
840 1469 1023 1532 satisfecere
1043 1468 1088 1531 dc
1105 1469 1303 1532 fructibuset

274 1581 479 1663 prurientibus
501 1581 614 1642 exinde
638 1581 804 1661 perceptis,
824 1581 972 1642 inuocato
992 1582 1031 1644 ad
1052 1580 1159 1643 talium
1180 1589 1302 1662 proter·

273 1695 358 1754 niam
378 1691 620 1766 conterendam,
641 1693 668 1753 si
686 1711 770 1776 ¹opus
791 1692 900 1766 luerit,
929 1693 1044 1755 auxilio
1062 1693 1186 1754 brachii
1211 1713 1302 1756 secu-

273 1803 359 1866 laris.

359 1911 427 1994 (25)
448 1913 628 1977 Inhibemus
657 1935 697 1976 ne
725 1935 861 1998 persone
888 1917 1108 1980 ecclesiastice.
1129 1925 1223 1998 agant
1250 1918 1302 1980 uel

274 2028 501 2107 respondeant,
528 2027 595 2088 sine
617 2027 811 2090 fideiulrcant
834 2036 943 2090 ont-se
962 2029 1135 2110 astringant
1152 2029 1208 2090 nel
1223 2029 1303 2090 cult

273 2147 348 2220 gent
361 2157 468 2200 cerem
483 2139 586 2200 iudice
600 2139 744 2212 seculari,
758 2140 818 2200 nisi
834 2141 876 2202 de
890 2141 947 2212 nis,
964 2149 995 2202 et
1008 2140 1168 2222 superbis
1183 2159 1245 2226 qne
1260 2141 1300 2202 ad

274 2250 417 2312 seculare
438 2269 502 2312 non
521 2251 561 2312 ad
575 2250 820 2314 ecclesiasticum
837 2251 939 2314 lorum
955 2259 1117 2333 spectant,
1135 2260 1166 2314 et
1180 2253 1220 2314 de
1234 2251 1303 2333 qui-

270 2363 329 2424 bus
351 2363 470 2442 absque
492 2379 653 2424 sacrorum
674 2379 831 2424 canonum
847 2363 978 2437 iniuria,
996 2371 1031 2425 et
1051 2363 1302 2426 contradictione

272 2473 305 2532 in
330 2471 487 2552 predictis,
518 2471 571 2534 nel
596 2472 663 2533 aliis
689 2481 793 2554 potest
816 2487 874 2555 per
900 2474 1128 2538 ecclesiasticas
1143 2493 1302 2556 perennes

271 2581 413 2642 seculare
438 2581 541 2643 lurum
563 2583 652 2644 odiri.
682 2593 957 2664 perseuerantem
978 2583 1216 2657 ecclesiastices,
1240 2600 1301 2665 que

270 2701 379 2755 contra
401 2693 580 2755 huiusmodi
595 2693 827 2758 inhibicionem
849 2697 960 2758 uenire
983 2697 1247 2777 presumpserint,
1269 2703 1302 2758 et

270 2805 391 2866 iudices
408 2805 574 2868 seculares
599 2808 652 2886 qui
675 2827 826 2887 personas
849 2802 985 2888 prelatas
1007 2825 1114 2868 eoram
1135 2827 1169 2869 se
1190 2825 1301 2889 agere,

269 2918 463 2997 respondere
477 2917 537 2978 nel
556 2903 732 2980 fidcmbcre
741 2945 759 2990 ,·
772 2927 828 2981 aut
845 2939 880 2980 se
902 2919 1094 3000 astringere,
1114 2920 1167 2980 nel
1181 2919 1241 2980 elia
1256 2919 1302 2982 la·

272 3045 343 3088 cere
358 3047 420 3107 que
435 3029 475 3088 nd
490 3027 593 3088 forum
608 3027 748 3090 seculare
763 3049 827 3090 ¹non
842 3031 1001 3110 pertinent
1016 3039 1123 3092 contre
1138 3029 1301 3112 priuilegia

272 3139 375 3199 ordini
397 3137 535 3202 clericali
552 3140 603 3200 nel
620 3141 767 3220 personis
790 3141 1007 3204 ecclesiasticis
1022 3141 1222 3222 generaliter,
1243 3161 1299 3206 seu

272 3249 451 3330 specialiter
465 3250 504 3310 ab
519 3249 647 3310 homine
662 3249 746 3311 uela
761 3250 828 3312 iure
844 3269 993 3314 concessa
1009 3253 1227 3332 compulerint,
1240 3253 1301 3313 crisi

272 3369 437 3443 postquam
464 3361 504 3422 de
532 3357 712 3420 huiusmodi
742 3361 1027 3442 exceperamus,
1060 3381 1165 3424 coram
1191 3363 1236 3425 eis
1259 3364 1300 3426 ab

270 3473 448 3534 huiusmodi
475 3489 626 3550 processu
653 3473 780 3534 omnino
810 3473 996 3547 destiterint,
1022 3481 1056 3536 et
1082 3475 1301 3536 reuocauerint

270 3601 396 3644 omnem
416 3599 601 3662 processum
622 3581 764 3645 habitum
783 3592 891 3646 eontra
907 3587 1301 3667 personespredictascx-

268 3690 562 3752 communicacionis
580 3693 741 3755 sentencie
762 3693 1102 3769 uolumnssulriaeere,
1123 3713 1142 3757 a
1160 3712 1223 3778 qna
1240 3715 1299 3777 per

268 3801 451 3862 diocesanos
464 3801 605 3864 locorum
619 3803 795 3884 inquorum
808 3804 1022 3867 iurisdictione
1037 3825 1173 3886 persone
1189 3806 1299 3869 huius-

269 3911 354 3974 modi
375 3913 548 3975 coesistnet
567 3915 912 3994 post-satisfactionem·
924 3917 1091 3992 idoneum,
1105 3925 1151 3980 et
1169 3919 1298 4000 dignam

183 4067 184 4074 κ
268 4023 354 4085 iuxta
368 4023 502 4086 turmam
515 4024 650 4086 ecclesie
664 4025 785 4105 possint
800 4025 932 4088 absolui.
977 4071 981 4077 .

343 4131 416 4217 teo)
437 4133 548 4197 Nullus
565 4136 712 4198 sacerdos
730 4137 784 4198 uel
806 4131 910 4220 aliqua
928 4157 1066 4220 persona
1088 4137 1300 4205 ecclesiastice

270 4243 681 4330 ‹te-personalitnstnmrtis
696 4247 964 4318 nel-eleemosinis
978 4249 1113 4314 ecclesie
1128 4249 1226 4316 tectis
1244 4269 1300 4348 cm
