<?xml version="1.0" encoding="UTF-8"?>
<!DOCTYPE html PUBLIC "-//W3C//DTD XHTML 1.0 Transitional//EN"
    "http://www.w3.org/TR/xhtml1/DTD/xhtml1-transitional.dtd">
<html xmlns="http://www.w3.org/1999/xhtml" xml:lang="en" lang="en">
 <head>
  <title>
</title>
<meta http-equiv="Content-Type" content="text/html;charset=utf-8" />
  <meta name='ocr-system' content='tesseract 3.04.00' />
  <meta name='ocr-capabilities' content='ocr_page ocr_carea ocr_par ocr_line ocrx_word'/>
</head>
<body>
  <div class='ocr_page' id='page_1' title='image "./rerumhungaricar01endlgoog_0373.png"; bbox 0 0 3048 4760; ppageno 0'>
   <div class='ocr_carea' id='block_1_1' title="bbox 531 391 1242 482">
    <p class='ocr_par' dir='ltr' id='par_1_1' title="bbox 531 391 1242 482">
     <span class='ocr_line' id='line_1_1' title="bbox 531 391 1242 482; baseline 0.007 -5"><span class='ocrx_word' id='word_1_1' title='bbox 531 413 716 481; x_wconf 72' lang='lat' dir='ltr'><strong>senemaud</strong></span> <span class='ocrx_word' id='word_1_2' title='bbox 744 413 784 478; x_wconf 80' lang='lat' dir='ltr'><strong>ot</strong></span> <span class='ocrx_word' id='word_1_3' title='bbox 806 411 920 480; x_wconf 66' lang='lat' dir='ltr'><strong>anina:</strong></span> <span class='ocrx_word' id='word_1_4' title='bbox 1180 391 1242 482; x_wconf 71' lang='lat' dir='ltr'><strong>isi</strong></span> 
     </span>
    </p>
   </div>
   <div class='ocr_carea' id='block_1_2' title="bbox 212 567 1314 1340">
    <p class='ocr_par' dir='ltr' id='par_1_2' title="bbox 212 567 1314 1228">
     <span class='ocr_line' id='line_1_2' title="bbox 235 567 1314 672; baseline 0.006 -24"><span class='ocrx_word' id='word_1_5' title='bbox 235 597 238 602; x_wconf 36' lang='lat'>¹</span> <span class='ocrx_word' id='word_1_6' title='bbox 295 568 360 667; x_wconf 77' lang='lat' dir='ltr'><strong>(m)</strong></span> <span class='ocrx_word' id='word_1_7' title='bbox 374 583 479 668; x_wconf 67' lang='lat' dir='ltr'><strong>megi</strong></span> <span class='ocrx_word' id='word_1_8' title='bbox 498 585 594 650; x_wconf 62' lang='lat' dir='ltr'><strong>ionas</strong></span> <span class='ocrx_word' id='word_1_9' title='bbox 614 585 654 649; x_wconf 66' lang='lat' dir='ltr'><strong>ae</strong></span> <span class='ocrx_word' id='word_1_10' title='bbox 668 567 782 668; x_wconf 66' lang='lat' dir='ltr'><strong>zeum</strong></span> <span class='ocrx_word' id='word_1_11' title='bbox 804 577 942 669; x_wconf 61' lang='lat' dir='ltr'><strong>impieta</strong></span> <span class='ocrx_word' id='word_1_12' title='bbox 963 586 1080 653; x_wconf 70' lang='lat' dir='ltr'><strong>uenam</strong></span> <span class='ocrx_word' id='word_1_13' title='bbox 1104 583 1144 652; x_wconf 70' lang='lat' dir='ltr'><strong>ae</strong></span> <span class='ocrx_word' id='word_1_14' title='bbox 1166 585 1243 654; x_wconf 69' lang='lat' dir='ltr'><strong>utun</strong></span> <span class='ocrx_word' id='word_1_15' title='bbox 1312 668 1314 672; x_wconf 75' lang='lat'><em>.</em></span> 
     </span>
     <span class='ocr_line' id='line_1_3' title="bbox 212 679 1274 782; baseline 0.004 -20"><span class='ocrx_word' id='word_1_16' title='bbox 212 679 364 780; x_wconf 73' lang='lat' dir='ltr'><strong>Seerepin</strong></span> <span class='ocrx_word' id='word_1_17' title='bbox 378 679 463 762; x_wconf 89' lang='lat' dir='ltr'><strong>nouo</strong></span> <span class='ocrx_word' id='word_1_18' title='bbox 478 707 581 761; x_wconf 82' lang='lat' dir='ltr'><strong>castro</strong></span> <span class='ocrx_word' id='word_1_19' title='bbox 596 699 635 762; x_wconf 88' lang='lat' dir='ltr'><strong>de</strong></span> <span class='ocrx_word' id='word_1_20' title='bbox 650 697 824 764; x_wconf 80' lang='lat' dir='ltr'><strong>latrocinio.</strong></span> <span class='ocrx_word' id='word_1_21' title='bbox 845 698 948 764; x_wconf 82' lang='lat' dir='ltr'><strong>iudice</strong></span> <span class='ocrx_word' id='word_1_22' title='bbox 959 698 1088 764; x_wconf 86' lang='lat' dir='ltr'><strong>Niaoiao</strong></span> <span class='ocrx_word' id='word_1_23' title='bbox 1103 699 1242 782; x_wconf 81' lang='lat' dir='ltr'><strong>palatino</strong></span> <span class='ocrx_word' id='word_1_24' title='bbox 1266 733 1274 753; x_wconf 60' lang='grc' dir='ltr'><em>ν</em></span> 
     </span>
     <span class='ocr_line' id='line_1_4' title="bbox 214 795 1244 892; baseline 0.002 -21"><span class='ocrx_word' id='word_1_25' title='bbox 214 809 345 881; x_wconf 78' lang='lat' dir='ltr'><strong>comite,</strong></span> <span class='ocrx_word' id='word_1_26' title='bbox 368 807 519 888; x_wconf 72' lang='lat' dir='ltr'><strong>pristaido</strong></span> <span class='ocrx_word' id='word_1_27' title='bbox 535 795 647 891; x_wconf 81' lang='lat' dir='ltr'><strong>Egidio</strong></span> <span class='ocrx_word' id='word_1_28' title='bbox 662 811 702 872; x_wconf 91' lang='lat' dir='ltr'><strong>de</strong></span> <span class='ocrx_word' id='word_1_29' title='bbox 716 808 791 872; x_wconf 85' lang='lat' dir='ltr'><strong>uitia</strong></span> <span class='ocrx_word' id='word_1_30' title='bbox 807 809 879 874; x_wconf 87' lang='lat' dir='ltr'><strong>Osa.</strong></span> <span class='ocrx_word' id='word_1_31' title='bbox 902 829 1036 892; x_wconf 86' lang='lat' dir='ltr'><strong>eumque</strong></span> <span class='ocrx_word' id='word_1_32' title='bbox 1051 811 1138 874; x_wconf 88' lang='lat' dir='ltr'><strong>Bena</strong></span> <span class='ocrx_word' id='word_1_33' title='bbox 1149 810 1244 873; x_wconf 84' lang='lat' dir='ltr'><strong>Uara-</strong></span> 
     </span>
     <span class='ocr_line' id='line_1_5' title="bbox 214 917 1244 1004; baseline -0.001 -20"><span class='ocrx_word' id='word_1_34' title='bbox 214 921 279 984; x_wconf 85' lang='lat' dir='ltr'><strong>dini</strong></span> <span class='ocrx_word' id='word_1_35' title='bbox 294 929 420 1002; x_wconf 77' lang='lat' dir='ltr'><strong>portare</strong></span> <span class='ocrx_word' id='word_1_36' title='bbox 435 921 553 982; x_wconf 83' lang='lat' dir='ltr'><strong>ferrum</strong></span> <span class='ocrx_word' id='word_1_37' title='bbox 568 917 639 982; x_wconf 79' lang='lat' dir='ltr'><strong>esse</strong></span> <span class='ocrx_word' id='word_1_38' title='bbox 653 929 792 1002; x_wconf 86' lang='lat' dir='ltr'><strong>paratus,</strong></span> <span class='ocrx_word' id='word_1_39' title='bbox 807 920 1043 1004; x_wconf 78' lang='lat' dir='ltr'><strong>prenominatus</strong></span> <span class='ocrx_word' id='word_1_40' title='bbox 1058 921 1155 984; x_wconf 83' lang='lat' dir='ltr'><strong>abbas</strong></span> <span class='ocrx_word' id='word_1_41' title='bbox 1170 921 1244 984; x_wconf 86' lang='lat' dir='ltr'><strong>sub·</strong></span> 
     </span>
     <span class='ocr_line' id='line_1_6' title="bbox 213 1031 1244 1116; baseline 0.001 -21"><span class='ocrx_word' id='word_1_42' title='bbox 213 1032 343 1115; x_wconf 73' lang='lat' dir='ltr'><strong>terfugit</strong></span> <span class='ocrx_word' id='word_1_43' title='bbox 362 1031 512 1096; x_wconf 83' lang='lat' dir='ltr'><strong>indicium</strong></span> <span class='ocrx_word' id='word_1_44' title='bbox 533 1031 612 1095; x_wconf 73' lang='lat' dir='ltr'><strong>terri</strong></span> <span class='ocrx_word' id='word_1_45' title='bbox 636 1031 819 1107; x_wconf 59' lang='lat' dir='ltr'><strong>candentia</strong></span> <span class='ocrx_word' id='word_1_46' title='bbox 832 1033 939 1096; x_wconf 84' lang='lat' dir='ltr'><strong>dicens</strong></span> <span class='ocrx_word' id='word_1_47' title='bbox 961 1035 1047 1116; x_wconf 88' lang='lat' dir='ltr'><strong>quod</strong></span> <span class='ocrx_word' id='word_1_48' title='bbox 1072 1033 1149 1096; x_wconf 84' lang='lat' dir='ltr'><strong>ialsa</strong></span> <span class='ocrx_word' id='word_1_49' title='bbox 1174 1033 1244 1116; x_wconf 90' lang='lat' dir='ltr'><strong>opi·</strong></span> 
     </span>
     <span class='ocr_line' id='line_1_7' title="bbox 214 1141 1079 1228; baseline 0 -22"><span class='ocrx_word' id='word_1_50' title='bbox 214 1145 309 1208; x_wconf 86' lang='lat' dir='ltr'><strong>aione</strong></span> <span class='ocrx_word' id='word_1_51' title='bbox 324 1143 500 1224; x_wconf 84' lang='lat' dir='ltr'><strong>predictum</strong></span> <span class='ocrx_word' id='word_1_52' title='bbox 515 1143 632 1205; x_wconf 88' lang='lat' dir='ltr'><strong>Benam</strong></span> <span class='ocrx_word' id='word_1_53' title='bbox 647 1143 686 1206; x_wconf 86' lang='lat' dir='ltr'><strong>de</strong></span> <span class='ocrx_word' id='word_1_54' title='bbox 702 1141 865 1206; x_wconf 74' lang='lat' dir='ltr'><strong>latrocinio</strong></span> <span class='ocrx_word' id='word_1_55' title='bbox 879 1145 1079 1228; x_wconf 74' lang='lat' dir='ltr'><strong>impedisset.</strong></span> 
     </span>
    </p>

    <p class='ocr_par' dir='ltr' id='par_1_3' title="bbox 297 1252 1247 1340">
     <span class='ocr_line' id='line_1_8' title="bbox 297 1252 1247 1340; baseline 0.006 -24"><span class='ocrx_word' id='word_1_56' title='bbox 297 1252 363 1336; x_wconf 80' lang='lat'>(61)</span> <span class='ocrx_word' id='word_1_57' title='bbox 385 1253 504 1318; x_wconf 81' lang='lat' dir='ltr'><strong>Tekmn</strong></span> <span class='ocrx_word' id='word_1_58' title='bbox 529 1264 560 1320; x_wconf 87' lang='lat' dir='ltr'><strong>et</strong></span> <span class='ocrx_word' id='word_1_59' title='bbox 584 1256 686 1318; x_wconf 84' lang='lat' dir='ltr'><strong>Pausa</strong></span> <span class='ocrx_word' id='word_1_60' title='bbox 715 1256 754 1318; x_wconf 86' lang='lat' dir='ltr'><strong>de</strong></span> <span class='ocrx_word' id='word_1_61' title='bbox 781 1255 855 1318; x_wconf 87' lang='lat' dir='ltr'><strong>uilla</strong></span> <span class='ocrx_word' id='word_1_62' title='bbox 880 1256 1009 1338; x_wconf 79' lang='lat' dir='ltr'><strong>Chybor</strong></span> <span class='ocrx_word' id='word_1_63' title='bbox 1035 1257 1247 1340; x_wconf 80' lang='lat' dir='ltr'><strong>impecierunt</strong></span> 
     </span>
    </p>
   </div>
   <div class='ocr_carea' id='block_1_3' title="bbox 215 1363 1366 1432">
    <p class='ocr_par' dir='ltr' id='par_1_4' title="bbox 215 1363 1366 1432">
     <span class='ocr_line' id='line_1_9' title="bbox 215 1363 1366 1432; baseline 0.002 -4"><span class='ocrx_word' id='word_1_64' title='bbox 215 1367 371 1431; x_wconf 72' lang='lat' dir='ltr'><strong>Andream</strong></span> <span class='ocrx_word' id='word_1_65' title='bbox 389 1363 705 1430; x_wconf 85' lang='lat' dir='ltr'><strong>eonuiilanumsuum</strong></span> <span class='ocrx_word' id='word_1_66' title='bbox 721 1365 761 1430; x_wconf 85' lang='lat' dir='ltr'><strong>de</strong></span> <span class='ocrx_word' id='word_1_67' title='bbox 777 1367 870 1429; x_wconf 79' lang='lat' dir='ltr'><strong>tarto.</strong></span> <span class='ocrx_word' id='word_1_68' title='bbox 899 1367 1002 1430; x_wconf 87' lang='lat' dir='ltr'><strong>iudice</strong></span> <span class='ocrx_word' id='word_1_69' title='bbox 1019 1368 1118 1429; x_wconf 86' lang='lat' dir='ltr'><strong>Tobia</strong></span> <span class='ocrx_word' id='word_1_70' title='bbox 1138 1367 1246 1432; x_wconf 82' lang='lat' dir='ltr'><strong>enriaii</strong></span> <span class='ocrx_word' id='word_1_71' title='bbox 1363 1363 1366 1371; x_wconf 69' lang='lat'><em>&#39;</em></span> 
     </span>
    </p>
   </div>
   <div class='ocr_carea' id='block_1_4' title="bbox 216 1466 1249 2339">
    <p class='ocr_par' dir='ltr' id='par_1_5' title="bbox 216 1466 1248 2098">
     <span class='ocr_line' id='line_1_10' title="bbox 216 1466 1246 1560; baseline 0.002 -22"><span class='ocrx_word' id='word_1_72' title='bbox 216 1477 330 1540; x_wconf 68' lang='lat' dir='ltr'><strong>comite</strong></span> <span class='ocrx_word' id='word_1_73' title='bbox 355 1466 394 1539; x_wconf 83' lang='lat' dir='ltr'><strong>de</strong></span> <span class='ocrx_word' id='word_1_74' title='bbox 417 1477 565 1550; x_wconf 86' lang='lat' dir='ltr'><strong>Zououk,</strong></span> <span class='ocrx_word' id='word_1_75' title='bbox 593 1476 745 1560; x_wconf 88' lang='lat' dir='ltr'><strong>pristaido</strong></span> <span class='ocrx_word' id='word_1_76' title='bbox 766 1477 875 1540; x_wconf 80' lang='lat' dir='ltr'><strong>Fintnr</strong></span> <span class='ocrx_word' id='word_1_77' title='bbox 901 1478 940 1541; x_wconf 90' lang='lat' dir='ltr'><strong>de</strong></span> <span class='ocrx_word' id='word_1_78' title='bbox 965 1473 1159 1540; x_wconf 73' lang='lat' dir='ltr'><strong>uiltaTiitur.</strong></span> <span class='ocrx_word' id='word_1_79' title='bbox 1191 1477 1246 1560; x_wconf 88' lang='lat' dir='ltr'><strong>qui</strong></span> 
     </span>
     <span class='ocr_line' id='line_1_11' title="bbox 217 1579 1247 1672; baseline -0.005 -16"><span class='ocrx_word' id='word_1_80' title='bbox 217 1609 288 1656; x_wconf 77' lang='lat' dir='ltr'><strong>num</strong></span> <span class='ocrx_word' id='word_1_81' title='bbox 314 1589 422 1654; x_wconf 81' lang='lat' dir='ltr'><strong>directi</strong></span> <span class='ocrx_word' id='word_1_82' title='bbox 448 1579 553 1654; x_wconf 83' lang='lat' dir='ltr'><strong>esseut</strong></span> <span class='ocrx_word' id='word_1_83' title='bbox 580 1587 787 1662; x_wconf 81' lang='lat' dir='ltr'><strong>Uaradinum,</strong></span> <span class='ocrx_word' id='word_1_84' title='bbox 822 1587 1031 1672; x_wconf 73' lang='lat' dir='ltr'><strong>prenominati</strong></span> <span class='ocrx_word' id='word_1_85' title='bbox 1057 1590 1178 1654; x_wconf 81' lang='lat' dir='ltr'><strong>Tekma</strong></span> <span class='ocrx_word' id='word_1_86' title='bbox 1215 1595 1247 1652; x_wconf 85' lang='lat' dir='ltr'><strong>et</strong></span> 
     </span>
     <span class='ocr_line' id='line_1_12' title="bbox 217 1701 1246 1783; baseline -0.002 -19"><span class='ocrx_word' id='word_1_87' title='bbox 217 1703 325 1767; x_wconf 84' lang='lat' dir='ltr'><strong>Pousa</strong></span> <span class='ocrx_word' id='word_1_88' title='bbox 346 1701 603 1783; x_wconf 81' lang='lat' dir='ltr'><strong>subterfugerunt</strong></span> <span class='ocrx_word' id='word_1_89' title='bbox 626 1701 776 1764; x_wconf 87' lang='lat' dir='ltr'><strong>iudicium</strong></span> <span class='ocrx_word' id='word_1_90' title='bbox 799 1701 876 1770; x_wconf 80' lang='lat' dir='ltr'><strong>ferri</strong></span> <span class='ocrx_word' id='word_1_91' title='bbox 897 1701 1073 1774; x_wconf 78' lang='lat' dir='ltr'><strong>candentis,</strong></span> <span class='ocrx_word' id='word_1_92' title='bbox 1103 1701 1246 1776; x_wconf 79' lang='lat' dir='ltr'><strong>dieentes</strong></span> 
     </span>
     <span class='ocr_line' id='line_1_13' title="bbox 217 1807 1248 1895; baseline 0 -19"><span class='ocrx_word' id='word_1_93' title='bbox 217 1813 306 1895; x_wconf 81' lang='lat' dir='ltr'><strong>quod</strong></span> <span class='ocrx_word' id='word_1_94' title='bbox 327 1811 406 1876; x_wconf 87' lang='lat' dir='ltr'><strong>ialsa</strong></span> <span class='ocrx_word' id='word_1_95' title='bbox 430 1813 580 1894; x_wconf 88' lang='lat' dir='ltr'><strong>opinione</strong></span> <span class='ocrx_word' id='word_1_96' title='bbox 604 1811 781 1894; x_wconf 80' lang='lat' dir='ltr'><strong>predictum</strong></span> <span class='ocrx_word' id='word_1_97' title='bbox 795 1813 954 1877; x_wconf 78' lang='lat' dir='ltr'><strong>Andrean</strong></span> <span class='ocrx_word' id='word_1_98' title='bbox 977 1813 1017 1876; x_wconf 90' lang='lat' dir='ltr'><strong>de</strong></span> <span class='ocrx_word' id='word_1_99' title='bbox 1039 1811 1131 1878; x_wconf 70' lang='lat' dir='ltr'><strong>iurto‘</strong></span> <span class='ocrx_word' id='word_1_100' title='bbox 1146 1807 1248 1894; x_wconf 86' lang='lat' dir='ltr'><strong>impe·</strong></span> 
     </span>
     <span class='ocr_line' id='line_1_14' title="bbox 216 1921 1248 2006; baseline -0.001 -20"><span class='ocrx_word' id='word_1_101' title='bbox 216 1924 354 1986; x_wconf 75' lang='lat' dir='ltr'><strong>niissent.</strong></span> <span class='ocrx_word' id='word_1_102' title='bbox 383 1940 442 2005; x_wconf 72' lang='lat' dir='ltr'><strong>pso</strong></span> <span class='ocrx_word' id='word_1_103' title='bbox 456 1923 540 1986; x_wconf 86' lang='lat' dir='ltr'><strong>bono</strong></span> <span class='ocrx_word' id='word_1_104' title='bbox 556 1930 662 1986; x_wconf 85' lang='lat' dir='ltr'><strong>tamea</strong></span> <span class='ocrx_word' id='word_1_105' title='bbox 676 1921 761 2004; x_wconf 78' lang='lat' dir='ltr'><strong>pacis</strong></span> <span class='ocrx_word' id='word_1_106' title='bbox 776 1923 918 1988; x_wconf 78' lang='lat' dir='ltr'><strong>Andreas</strong></span> <span class='ocrx_word' id='word_1_107' title='bbox 933 1922 984 1986; x_wconf 80' lang='lat' dir='ltr'><strong>sur</strong></span> <span class='ocrx_word' id='word_1_108' title='bbox 998 1923 1142 2006; x_wconf 77' lang='lat' dir='ltr'><strong>promisit</strong></span> <span class='ocrx_word' id='word_1_109' title='bbox 1156 1922 1248 1986; x_wconf 82' lang='lat' dir='ltr'><strong>satis·</strong></span> 
     </span>
     <span class='ocr_line' id='line_1_15' title="bbox 217 2035 445 2098; baseline -0.004 0"><span class='ocrx_word' id='word_1_110' title='bbox 217 2035 323 2098; x_wconf 83' lang='lat' dir='ltr'><strong>iuuere</strong></span> <span class='ocrx_word' id='word_1_111' title='bbox 337 2035 445 2098; x_wconf 81' lang='lat' dir='ltr'><strong>iudici.</strong></span> 
     </span>
    </p>

    <p class='ocr_par' dir='ltr' id='par_1_6' title="bbox 217 2143 1249 2339">
     <span class='ocr_line' id='line_1_16' title="bbox 301 2143 1248 2228; baseline 0 -18"><span class='ocrx_word' id='word_1_112' title='bbox 301 2145 367 2228; x_wconf 65' lang='lat'>(62)</span> <span class='ocrx_word' id='word_1_113' title='bbox 389 2147 476 2210; x_wconf 83' lang='lat' dir='ltr'><strong>Senit</strong></span> <span class='ocrx_word' id='word_1_114' title='bbox 497 2147 537 2210; x_wconf 91' lang='lat' dir='ltr'><strong>de</strong></span> <span class='ocrx_word' id='word_1_115' title='bbox 552 2143 626 2209; x_wconf 85' lang='lat' dir='ltr'><strong>uilla</strong></span> <span class='ocrx_word' id='word_1_116' title='bbox 642 2145 767 2209; x_wconf 83' lang='lat' dir='ltr'><strong>Oboaik</strong></span> <span class='ocrx_word' id='word_1_117' title='bbox 787 2145 928 2227; x_wconf 75' lang='lat' dir='ltr'><strong>impediit</strong></span> <span class='ocrx_word' id='word_1_118' title='bbox 942 2145 1078 2221; x_wconf 84' lang='lat' dir='ltr'><strong>Texam,</strong></span> <span class='ocrx_word' id='word_1_119' title='bbox 1098 2147 1248 2223; x_wconf 82' lang='lat' dir='ltr'><strong>Erdenm,</strong></span> 
     </span>
     <span class='ocr_line' id='line_1_17' title="bbox 217 2255 1249 2339; baseline 0.002 -18"><span class='ocrx_word' id='word_1_120' title='bbox 217 2256 338 2332; x_wconf 83' lang='lat' dir='ltr'><strong>Bizam,</strong></span> <span class='ocrx_word' id='word_1_121' title='bbox 361 2258 476 2322; x_wconf 85' lang='lat' dir='ltr'><strong>Cesare</strong></span> <span class='ocrx_word' id='word_1_122' title='bbox 496 2265 527 2320; x_wconf 87' lang='lat' dir='ltr'><strong>et</strong></span> <span class='ocrx_word' id='word_1_123' title='bbox 548 2255 631 2319; x_wconf 86' lang='lat' dir='ltr'><strong>Salat</strong></span> <span class='ocrx_word' id='word_1_124' title='bbox 652 2257 691 2318; x_wconf 84' lang='lat' dir='ltr'><strong>de</strong></span> <span class='ocrx_word' id='word_1_125' title='bbox 714 2256 775 2318; x_wconf 86' lang='lat' dir='ltr'><strong>atia</strong></span> <span class='ocrx_word' id='word_1_126' title='bbox 797 2257 861 2318; x_wconf 84' lang='lat' dir='ltr'><strong>uita</strong></span> <span class='ocrx_word' id='word_1_127' title='bbox 875 2255 1006 2338; x_wconf 81' lang='lat' dir='ltr'><strong>Ohonyo</strong></span> <span class='ocrx_word' id='word_1_128' title='bbox 1028 2275 1086 2339; x_wconf 86' lang='lat' dir='ltr'><strong>pro</strong></span> <span class='ocrx_word' id='word_1_129' title='bbox 1100 2261 1249 2339; x_wconf 69' lang='lat' dir='ltr'><strong>quattuor</strong></span> 
     </span>
    </p>
   </div>
   <div class='ocr_carea' id='block_1_5' title="bbox 218 2351 1360 2450">
    <p class='ocr_par' dir='ltr' id='par_1_7' title="bbox 218 2351 1360 2450">
     <span class='ocr_line' id='line_1_18' title="bbox 218 2351 1360 2450; baseline -0.002 -18"><span class='ocrx_word' id='word_1_130' title='bbox 218 2369 342 2437; x_wconf 84' lang='lat' dir='ltr'><strong>marcis.</strong></span> <span class='ocrx_word' id='word_1_131' title='bbox 371 2369 661 2432; x_wconf 76' lang='lat' dir='ltr'><strong>iudicelienedicto</strong></span> <span class='ocrx_word' id='word_1_132' title='bbox 677 2367 808 2442; x_wconf 82' lang='lat' dir='ltr'><strong>comite,</strong></span> <span class='ocrx_word' id='word_1_133' title='bbox 830 2367 1105 2450; x_wconf 76' lang='lat' dir='ltr'><strong>pristaldoAzaria</strong></span> <span class='ocrx_word' id='word_1_134' title='bbox 1119 2370 1160 2434; x_wconf 88' lang='lat' dir='ltr'><strong>de</strong></span> <span class='ocrx_word' id='word_1_135' title='bbox 1175 2368 1250 2436; x_wconf 88' lang='lat' dir='ltr'><strong>oiila</strong></span> <span class='ocrx_word' id='word_1_136' title='bbox 1353 2351 1360 2361; x_wconf 28' lang='lat'><em>³</em></span> 
     </span>
    </p>
   </div>
   <div class='ocr_carea' id='block_1_6' title="bbox 214 2477 1323 4358">
    <p class='ocr_par' dir='ltr' id='par_1_8' title="bbox 214 2477 1323 4358">
     <span class='ocr_line' id='line_1_19' title="bbox 219 2477 1207 2574; baseline 0 -30"><span class='ocrx_word' id='word_1_137' title='bbox 219 2483 331 2544; x_wconf 85' lang='lat' dir='ltr'><strong>Tinod.</strong></span> <span class='ocrx_word' id='word_1_138' title='bbox 361 2481 594 2564; x_wconf 78' lang='lat' dir='ltr'><strong>prenominatus</strong></span> <span class='ocrx_word' id='word_1_139' title='bbox 611 2481 695 2574; x_wconf 83' lang='lat' dir='ltr'><strong>Senk</strong></span> <span class='ocrx_word' id='word_1_140' title='bbox 711 2488 833 2562; x_wconf 77' lang='lat' dir='ltr'><strong>portato</strong></span> <span class='ocrx_word' id='word_1_141' title='bbox 848 2477 933 2544; x_wconf 81' lang='lat' dir='ltr'><strong>ferro</strong></span> <span class='ocrx_word' id='word_1_142' title='bbox 948 2480 1133 2544; x_wconf 83' lang='lat' dir='ltr'><strong>iustificatus</strong></span> <span class='ocrx_word' id='word_1_143' title='bbox 1149 2489 1207 2544; x_wconf 87' lang='lat' dir='ltr'><strong>est.</strong></span> 
     </span>
     <span class='ocr_line' id='line_1_20' title="bbox 301 2591 1252 2678; baseline 0.003 -23"><span class='ocrx_word' id='word_1_144' title='bbox 301 2591 366 2675; x_wconf 79' lang='lat'><strong>(63)</strong></span> <span class='ocrx_word' id='word_1_145' title='bbox 387 2595 532 2667; x_wconf 84' lang='lat' dir='ltr'><strong>ioannes,</strong></span> <span class='ocrx_word' id='word_1_146' title='bbox 553 2593 669 2668; x_wconf 85' lang='lat' dir='ltr'><strong>Nehoi,</strong></span> <span class='ocrx_word' id='word_1_147' title='bbox 691 2593 795 2656; x_wconf 86' lang='lat' dir='ltr'><strong>Bensa</strong></span> <span class='ocrx_word' id='word_1_148' title='bbox 815 2594 854 2656; x_wconf 89' lang='lat' dir='ltr'><strong>de</strong></span> <span class='ocrx_word' id='word_1_149' title='bbox 878 2593 954 2656; x_wconf 86' lang='lat' dir='ltr'><strong>uilia</strong></span> <span class='ocrx_word' id='word_1_150' title='bbox 973 2595 1082 2678; x_wconf 77' lang='lat' dir='ltr'><strong>Neagy</strong></span> <span class='ocrx_word' id='word_1_151' title='bbox 1098 2592 1252 2676; x_wconf 87' lang='lat' dir='ltr'><strong>impeoie·</strong></span> 
     </span>
     <span class='ocr_line' id='line_1_21' title="bbox 219 2705 1250 2788; baseline 0 -20"><span class='ocrx_word' id='word_1_152' title='bbox 219 2715 292 2768; x_wconf 84' lang='lat' dir='ltr'><strong>runt</strong></span> <span class='ocrx_word' id='word_1_153' title='bbox 305 2706 498 2786; x_wconf 73' lang='lat' dir='ltr'><strong>Stephanum</strong></span> <span class='ocrx_word' id='word_1_154' title='bbox 513 2705 552 2770; x_wconf 86' lang='lat' dir='ltr'><strong>de</strong></span> <span class='ocrx_word' id='word_1_155' title='bbox 569 2706 642 2770; x_wconf 86' lang='lat' dir='ltr'><strong>uitia</strong></span> <span class='ocrx_word' id='word_1_156' title='bbox 657 2705 745 2768; x_wconf 77' lang='lat' dir='ltr'><strong>Senia</strong></span> <span class='ocrx_word' id='word_1_157' title='bbox 760 2725 818 2788; x_wconf 83' lang='lat' dir='ltr'><strong>pro</strong></span> <span class='ocrx_word' id='word_1_158' title='bbox 834 2705 1015 2780; x_wconf 87' lang='lat' dir='ltr'><strong>homicidio,</strong></span> <span class='ocrx_word' id='word_1_159' title='bbox 1033 2715 1064 2770; x_wconf 87' lang='lat' dir='ltr'><strong>et</strong></span> <span class='ocrx_word' id='word_1_160' title='bbox 1078 2707 1118 2770; x_wconf 89' lang='lat' dir='ltr'><strong>de</strong></span> <span class='ocrx_word' id='word_1_161' title='bbox 1134 2708 1250 2770; x_wconf 84' lang='lat' dir='ltr'><strong>damno</strong></span> 
     </span>
     <span class='ocr_line' id='line_1_22' title="bbox 224 2797 1253 2900; baseline -0.001 -19"><span class='ocrx_word' id='word_1_162' title='bbox 224 2829 296 2882; x_wconf 86' lang='lat' dir='ltr'><strong>dcto</strong></span> <span class='ocrx_word' id='word_1_163' title='bbox 316 2799 503 2880; x_wconf 78' lang='lat' dir='ltr'><strong>marcarum.</strong></span> <span class='ocrx_word' id='word_1_164' title='bbox 542 2816 647 2880; x_wconf 83' lang='lat' dir='ltr'><strong>iudice</strong></span> <span class='ocrx_word' id='word_1_165' title='bbox 662 2817 799 2898; x_wconf 82' lang='lat' dir='ltr'><strong>Tibaoyo</strong></span> <span class='ocrx_word' id='word_1_166' title='bbox 820 2817 933 2878; x_wconf 84' lang='lat' dir='ltr'><strong>comite</strong></span> <span class='ocrx_word' id='word_1_167' title='bbox 955 2834 1068 2898; x_wconf 79' lang='lat' dir='ltr'><strong>arege</strong></span> <span class='ocrx_word' id='word_1_168' title='bbox 1097 2797 1253 2900; x_wconf 75' lang='lat' dir='ltr'><strong>detegam,</strong></span> 
     </span>
     <span class='ocr_line' id='line_1_23' title="bbox 225 2898 1201 3010; baseline -0.002 -20"><span class='ocrx_word' id='word_1_169' title='bbox 225 2927 377 3010; x_wconf 81' lang='lat' dir='ltr'><strong>pristaldo</strong></span> <span class='ocrx_word' id='word_1_170' title='bbox 392 2928 514 2989; x_wconf 83' lang='lat' dir='ltr'><strong>Sumus.</strong></span> <span class='ocrx_word' id='word_1_171' title='bbox 535 2925 712 3008; x_wconf 84' lang='lat' dir='ltr'><strong>Stephanus</strong></span> <span class='ocrx_word' id='word_1_172' title='bbox 726 2932 849 3008; x_wconf 86' lang='lat' dir='ltr'><strong>portato</strong></span> <span class='ocrx_word' id='word_1_173' title='bbox 863 2927 948 2990; x_wconf 81' lang='lat' dir='ltr'><strong>ferro</strong></span> <span class='ocrx_word' id='word_1_174' title='bbox 963 2898 1129 2990; x_wconf 77' lang='lat' dir='ltr'><strong>mnndaius</strong></span> <span class='ocrx_word' id='word_1_175' title='bbox 1144 2935 1201 2990; x_wconf 85' lang='lat' dir='ltr'><strong>est.</strong></span> 
     </span>
     <span class='ocr_line' id='line_1_24' title="bbox 308 3035 1254 3122; baseline 0.004 -22"><span class='ocrx_word' id='word_1_176' title='bbox 308 3037 373 3120; x_wconf 79' lang='lat' dir='ltr'><strong>(ot)</strong></span> <span class='ocrx_word' id='word_1_177' title='bbox 395 3037 513 3121; x_wconf 79' lang='lat' dir='ltr'><strong>Mituey</strong></span> <span class='ocrx_word' id='word_1_178' title='bbox 535 3037 573 3101; x_wconf 89' lang='lat' dir='ltr'><strong>de</strong></span> <span class='ocrx_word' id='word_1_179' title='bbox 593 3039 668 3102; x_wconf 85' lang='lat' dir='ltr'><strong>uitia</strong></span> <span class='ocrx_word' id='word_1_180' title='bbox 689 3039 802 3122; x_wconf 84' lang='lat' dir='ltr'><strong>Guneg</strong></span> <span class='ocrx_word' id='word_1_181' title='bbox 828 3038 965 3120; x_wconf 76' lang='lat' dir='ltr'><strong>impediit</strong></span> <span class='ocrx_word' id='word_1_182' title='bbox 979 3037 1099 3100; x_wconf 84' lang='lat' dir='ltr'><strong>Vanam</strong></span> <span class='ocrx_word' id='word_1_183' title='bbox 1121 3037 1160 3100; x_wconf 85' lang='lat' dir='ltr'><strong>de</strong></span> <span class='ocrx_word' id='word_1_184' title='bbox 1179 3035 1254 3104; x_wconf 78' lang='lat' dir='ltr'><strong>uilia</strong></span> 
     </span>
     <span class='ocr_line' id='line_1_25' title="bbox 214 3149 1254 3216; baseline -0.003 0"><span class='ocrx_word' id='word_1_185' title='bbox 214 3151 328 3216; x_wconf 68' lang='lat' dir='ltr'><strong>‘fleten</strong></span> <span class='ocrx_word' id='word_1_186' title='bbox 353 3149 392 3214; x_wconf 84' lang='lat' dir='ltr'><strong>de</strong></span> <span class='ocrx_word' id='word_1_187' title='bbox 418 3151 533 3214; x_wconf 86' lang='lat' dir='ltr'><strong>damno</strong></span> <span class='ocrx_word' id='word_1_188' title='bbox 559 3167 687 3214; x_wconf 82' lang='lat' dir='ltr'><strong>suarum</strong></span> <span class='ocrx_word' id='word_1_189' title='bbox 710 3171 817 3214; x_wconf 82' lang='lat' dir='ltr'><strong>rerum</strong></span> <span class='ocrx_word' id='word_1_190' title='bbox 842 3151 882 3214; x_wconf 89' lang='lat' dir='ltr'><strong>ad</strong></span> <span class='ocrx_word' id='word_1_191' title='bbox 903 3149 1138 3215; x_wconf 82' lang='lat' dir='ltr'><strong>estimaeionem</strong></span> <span class='ocrx_word' id='word_1_192' title='bbox 1161 3149 1254 3213; x_wconf 82' lang='lat' dir='ltr'><strong>unius</strong></span> 
     </span>
     <span class='ocr_line' id='line_1_26' title="bbox 222 3247 1323 3343; baseline -0.001 -19"><span class='ocrx_word' id='word_1_193' title='bbox 222 3269 331 3325; x_wconf 81' lang='lat' dir='ltr'><strong>marce</strong></span> <span class='ocrx_word' id='word_1_194' title='bbox 354 3271 385 3327; x_wconf 91' lang='lat' dir='ltr'><strong>et</strong></span> <span class='ocrx_word' id='word_1_195' title='bbox 405 3261 543 3326; x_wconf 83' lang='lat' dir='ltr'><strong>dimidie.</strong></span> <span class='ocrx_word' id='word_1_196' title='bbox 572 3262 676 3326; x_wconf 88' lang='lat' dir='ltr'><strong>iudiee</strong></span> <span class='ocrx_word' id='word_1_197' title='bbox 691 3262 868 3325; x_wconf 75' lang='lat' dir='ltr'><strong>Alexandro</strong></span> <span class='ocrx_word' id='word_1_198' title='bbox 891 3262 1004 3324; x_wconf 81' lang='lat' dir='ltr'><strong>comite</strong></span> <span class='ocrx_word' id='word_1_199' title='bbox 1025 3262 1065 3324; x_wconf 87' lang='lat' dir='ltr'><strong>de</strong></span> <span class='ocrx_word' id='word_1_200' title='bbox 1085 3259 1254 3343; x_wconf 79' lang='lat' dir='ltr'><strong>Zohoiehy,</strong></span> <span class='ocrx_word' id='word_1_201' title='bbox 1317 3247 1323 3254; x_wconf 41' lang='lat'>⁸</span> 
     </span>
     <span class='ocr_line' id='line_1_27' title="bbox 221 3371 1255 3458; baseline -0.003 -22"><span class='ocrx_word' id='word_1_202' title='bbox 221 3371 377 3455; x_wconf 76' lang='lat' dir='ltr'><strong>paistaide</strong></span> <span class='ocrx_word' id='word_1_203' title='bbox 392 3393 491 3458; x_wconf 86' lang='lat' dir='ltr'><strong>quesa</strong></span> <span class='ocrx_word' id='word_1_204' title='bbox 512 3374 551 3439; x_wconf 85' lang='lat' dir='ltr'><strong>de</strong></span> <span class='ocrx_word' id='word_1_205' title='bbox 571 3371 645 3436; x_wconf 85' lang='lat' dir='ltr'><strong>uitta</strong></span> <span class='ocrx_word' id='word_1_206' title='bbox 659 3373 776 3436; x_wconf 75' lang='lat' dir='ltr'><strong>ouum.</strong></span> <span class='ocrx_word' id='word_1_207' title='bbox 805 3373 915 3436; x_wconf 86' lang='lat' dir='ltr'><strong>Uanna</strong></span> <span class='ocrx_word' id='word_1_208' title='bbox 929 3377 1052 3455; x_wconf 86' lang='lat' dir='ltr'><strong>portato</strong></span> <span class='ocrx_word' id='word_1_209' title='bbox 1066 3371 1151 3436; x_wconf 82' lang='lat' dir='ltr'><strong>ferro</strong></span> <span class='ocrx_word' id='word_1_210' title='bbox 1165 3371 1255 3434; x_wconf 79' lang='lat' dir='ltr'><strong>iusti·</strong></span> 
     </span>
     <span class='ocr_line' id='line_1_28' title="bbox 223 3478 603 3550; baseline 0.008 -3"><span class='ocrx_word' id='word_1_211' title='bbox 223 3485 336 3548; x_wconf 83' lang='lat' dir='ltr'><strong>iieatus</strong></span> <span class='ocrx_word' id='word_1_212' title='bbox 354 3494 411 3550; x_wconf 76' lang='lat' dir='ltr'><strong>est</strong></span> <span class='ocrx_word' id='word_1_213' title='bbox 600 3478 603 3486; x_wconf 65' lang='grc'>’</span> 
     </span>
     <span class='ocr_line' id='line_1_29' title="bbox 228 3594 1256 3679; baseline -0.001 -21"><span class='ocrx_word' id='word_1_214' title='bbox 228 3623 237 3632; x_wconf 93' lang='grc'>·</span> <span class='ocrx_word' id='word_1_215' title='bbox 308 3594 374 3677; x_wconf 77' lang='grc'><strong>(65]</strong></span> <span class='ocrx_word' id='word_1_216' title='bbox 395 3595 501 3660; x_wconf 78' lang='lat' dir='ltr'><strong>Abbas</strong></span> <span class='ocrx_word' id='word_1_217' title='bbox 512 3597 587 3679; x_wconf 79' lang='lat' dir='ltr'><strong>Cogi</strong></span> <span class='ocrx_word' id='word_1_218' title='bbox 599 3597 639 3660; x_wconf 87' lang='lat' dir='ltr'><strong>de</strong></span> <span class='ocrx_word' id='word_1_219' title='bbox 651 3596 765 3678; x_wconf 82' lang='lat' dir='ltr'><strong>Zeploe</strong></span> <span class='ocrx_word' id='word_1_220' title='bbox 776 3595 1058 3678; x_wconf 87' lang='lat' dir='ltr'><strong>impeoiituiilanos</strong></span> <span class='ocrx_word' id='word_1_221' title='bbox 1070 3595 1256 3668; x_wconf 86' lang='lat' dir='ltr'><strong>Medueozu,</strong></span> 
     </span>
     <span class='ocr_line' id='line_1_30' title="bbox 227 3705 1256 3782; baseline -0.001 -12"><span class='ocrx_word' id='word_1_222' title='bbox 227 3707 347 3770; x_wconf 76' lang='lat' dir='ltr'><strong>deiiinet</strong></span> <span class='ocrx_word' id='word_1_223' title='bbox 367 3711 481 3780; x_wconf 88' lang='lat' dir='ltr'><strong>Zuuzo,</strong></span> <span class='ocrx_word' id='word_1_224' title='bbox 511 3708 643 3782; x_wconf 81' lang='lat' dir='ltr'><strong>Pentek,</strong></span> <span class='ocrx_word' id='word_1_225' title='bbox 664 3705 1008 3780; x_wconf 81' lang='lat' dir='ltr'><strong>B1·tam‚F01·casium,</strong></span> <span class='ocrx_word' id='word_1_226' title='bbox 1029 3706 1202 3770; x_wconf 83' lang='lat' dir='ltr'><strong>Mattheum</strong></span> <span class='ocrx_word' id='word_1_227' title='bbox 1224 3715 1256 3769; x_wconf 85' lang='lat' dir='ltr'><strong>et</strong></span> 
     </span>
     <span class='ocr_line' id='line_1_31' title="bbox 222 3815 1256 3901; baseline 0 -21"><span class='ocrx_word' id='word_1_228' title='bbox 222 3815 339 3880; x_wconf 75' lang='lat' dir='ltr'><strong>Gaium</strong></span> <span class='ocrx_word' id='word_1_229' title='bbox 354 3839 413 3901; x_wconf 76' lang='lat' dir='ltr'><strong>pro</strong></span> <span class='ocrx_word' id='word_1_230' title='bbox 426 3817 602 3884; x_wconf 82' lang='lat' dir='ltr'><strong>latrocinio.</strong></span> <span class='ocrx_word' id='word_1_231' title='bbox 634 3819 737 3882; x_wconf 81' lang='lat' dir='ltr'><strong>indiae</strong></span> <span class='ocrx_word' id='word_1_232' title='bbox 752 3815 881 3880; x_wconf 84' lang='lat' dir='ltr'><strong>Nieolao</strong></span> <span class='ocrx_word' id='word_1_233' title='bbox 896 3815 1033 3899; x_wconf 83' lang='lat' dir='ltr'><strong>palatino</strong></span> <span class='ocrx_word' id='word_1_234' title='bbox 1046 3817 1171 3891; x_wconf 86' lang='lat' dir='ltr'><strong>comite,</strong></span> <span class='ocrx_word' id='word_1_235' title='bbox 1192 3815 1256 3900; x_wconf 81' lang='lat' dir='ltr'><strong>pri-</strong></span> 
     </span>
     <span class='ocr_line' id='line_1_32' title="bbox 226 3925 1255 4012; baseline -0.001 -20"><span class='ocrx_word' id='word_1_236' title='bbox 226 3927 328 3992; x_wconf 78' lang='lat' dir='ltr'><strong>natue</strong></span> <span class='ocrx_word' id='word_1_237' title='bbox 341 3929 455 4012; x_wconf 67' lang='lat' dir='ltr'><strong>Epidio</strong></span> <span class='ocrx_word' id='word_1_238' title='bbox 467 3929 508 3992; x_wconf 87' lang='lat' dir='ltr'><strong>de</strong></span> <span class='ocrx_word' id='word_1_239' title='bbox 523 3929 598 3992; x_wconf 86' lang='lat' dir='ltr'><strong>uitta</strong></span> <span class='ocrx_word' id='word_1_240' title='bbox 614 3929 687 3994; x_wconf 89' lang='lat' dir='ltr'><strong>Osa.</strong></span> <span class='ocrx_word' id='word_1_241' title='bbox 716 3948 788 3992; x_wconf 87' lang='lat' dir='ltr'><strong>eum</strong></span> <span class='ocrx_word' id='word_1_242' title='bbox 807 3941 936 3996; x_wconf 87' lang='lat' dir='ltr'><strong>uentum</strong></span> <span class='ocrx_word' id='word_1_243' title='bbox 951 3925 1034 3992; x_wconf 83' lang='lat' dir='ltr'><strong>esset</strong></span> <span class='ocrx_word' id='word_1_244' title='bbox 1047 3927 1255 4002; x_wconf 66' lang='lat' dir='ltr'><strong>Uarianam,</strong></span> 
     </span>
     <span class='ocr_line' id='line_1_33' title="bbox 226 4037 1255 4125; baseline -0.002 -21"><span class='ocrx_word' id='word_1_245' title='bbox 226 4041 385 4125; x_wconf 77' lang='lat' dir='ltr'><strong>prediatus</strong></span> <span class='ocrx_word' id='word_1_246' title='bbox 401 4041 497 4106; x_wconf 84' lang='lat' dir='ltr'><strong>abbas</strong></span> <span class='ocrx_word' id='word_1_247' title='bbox 512 4042 708 4106; x_wconf 81' lang='lat' dir='ltr'><strong>renunciauit</strong></span> <span class='ocrx_word' id='word_1_248' title='bbox 721 4037 838 4106; x_wconf 83' lang='lat' dir='ltr'><strong>indteio</strong></span> <span class='ocrx_word' id='word_1_249' title='bbox 853 4041 929 4106; x_wconf 75' lang='lat' dir='ltr'><strong>ieari</strong></span> <span class='ocrx_word' id='word_1_250' title='bbox 944 4041 1126 4115; x_wconf 85' lang='lat' dir='ltr'><strong>candentis,</strong></span> <span class='ocrx_word' id='word_1_251' title='bbox 1147 4040 1255 4102; x_wconf 78' lang='lat' dir='ltr'><strong>dicens</strong></span> 
     </span>
     <span class='ocr_line' id='line_1_34' title="bbox 224 4130 1254 4247; baseline 0.002 -29"><span class='ocrx_word' id='word_1_252' title='bbox 224 4155 313 4237; x_wconf 70' lang='lat' dir='ltr'><strong>paud</strong></span> <span class='ocrx_word' id='word_1_253' title='bbox 322 4141 406 4222; x_wconf 56' lang='lat' dir='ltr'><strong>„farsa</strong></span> <span class='ocrx_word' id='word_1_254' title='bbox 420 4153 569 4239; x_wconf 83' lang='lat' dir='ltr'><strong>opinione</strong></span> <span class='ocrx_word' id='word_1_255' title='bbox 583 4153 729 4220; x_wconf 83' lang='lat' dir='ltr'><strong>homines</strong></span> <span class='ocrx_word' id='word_1_256' title='bbox 750 4155 948 4247; x_wconf 82' lang='lat' dir='ltr'><strong>supradictos</strong></span> <span class='ocrx_word' id='word_1_257' title='bbox 964 4130 1004 4220; x_wconf 79' lang='lat' dir='ltr'><strong>de</strong></span> <span class='ocrx_word' id='word_1_258' title='bbox 1018 4151 1182 4220; x_wconf 79' lang='lat' dir='ltr'><strong>latrocinio</strong></span> <span class='ocrx_word' id='word_1_259' title='bbox 1195 4151 1254 4220; x_wconf 82' lang='lat' dir='ltr'><strong>iu·</strong></span> 
     </span>
     <span class='ocr_line' id='line_1_35' title="bbox 225 4267 506 4358; baseline -0.004 -23"><span class='ocrx_word' id='word_1_260' title='bbox 225 4267 383 4358; x_wconf 67' lang='lat' dir='ltr'><strong>petiiset.</strong></span> <span class='ocrx_word' id='word_1_261' title='bbox 445 4334 447 4338; x_wconf 82' lang='grc'><em>,</em></span> <span class='ocrx_word' id='word_1_262' title='bbox 504 4276 506 4284; x_wconf 83' lang='grc'><em>’</em></span> 
     </span>
    </p>
   </div>
   <div class='ocr_carea' id='block_1_7' title="bbox 0 0 1540 4760">
    <p class='ocr_par' dir='ltr' id='par_1_9' title="bbox 0 0 1540 4760">
     <span class='ocr_line' id='line_1_36' title="bbox 0 0 1540 4760; baseline 0 0"><span class='ocrx_word' id='word_1_263' title='bbox 0 0 1540 4760; x_wconf 95' lang='lat' dir='ltr'><strong> </strong></span> 
     </span>
    </p>
   </div>
  </div>
 </body>
</html>
