2920 4758
276 371 336 438 t10
662 391 790 436 sununs
816 389 850 434 n.
871 387 961 436 assis

275 547 359 630 regis
380 546 571 620 construxit,
601 553 631 610 et
653 546 819 610 ecclesiam
840 565 897 626 per
917 544 1117 608 uenerabiles
1138 545 1317 628 episcopos

276 657 415 720 dedicari
431 657 631 731 fecissemus,
657 658 824 739 episcopus
845 666 877 720 et
890 657 1058 738 capitulum
1074 657 1218 718 eiusdem
1231 655 1320 729 loci,

275 770 365 832 nobis
395 769 554 832 humiliter
576 769 780 850 supplicando
807 767 1020 850 postularunt,
1047 774 1080 830 ut
1111 787 1169 830 nos
1202 767 1318 832 omnia

275 880 442 964 priuilegia
456 900 550 962 super
565 879 700 962 prediis,
723 879 991 962 possessionibus,
1013 878 1209 942 libertatibus
1224 878 1318 945 aliis-

277 1013 338 1074 que
360 992 521 1066 reditibus,
543 1000 605 1056 tarn
629 1011 647 1052 a
667 999 775 1056 sancto
793 991 938 1052 Ladislao
957 1011 1048 1072 rege,
1071 991 1172 1072 primo
1189 991 1316 1053 lunda-
1362 1033 1385 1074 ι,

275 1111 344 1166 tore
366 1103 516 1176 ecclesie,
538 1111 601 1164 tam
624 1103 723 1168 ocium
746 1103 1064 1186 apredecessnribus
1087 1102 1213 1175 nostris,
1234 1123 1316 1183 pre.-

277 1215 419 1278 sertima
438 1214 535 1276 fratre
555 1207 662 1280 nostro
684 1213 783 1278 felicis
804 1213 1037 1276 recordacionis
1057 1212 1196 1276 Henrico
1214 1233 1315 1294 rege,

276 1344 370 1407 quam
392 1325 493 1386 eciam
517 1324 568 1406 pie
587 1344 606 1386 a
624 1325 714 1386 nobis
730 1324 856 1397 collata,
878 1323 1062 1386 secrecioris
1085 1331 1117 1412 et
1137 1324 1314 1410 solemniof
1448 1319 1450 1390 l

275 1436 319 1498 ris
334 1435 426 1517 sigilli
442 1437 555 1510 nostri,
577 1435 725 1498 uidelicet
743 1454 838 1498 auree
854 1435 939 1496 bulla
955 1434 1126 1496 munimine
1141 1435 1314 1498 conflrma-

275 1565 391 1610 remus.
436 1547 498 1610 Nos
522 1548 634 1630 igitur,
665 1547 755 1610 iustis
782 1566 893 1609 eornm
918 1545 1124 1627 peticionibus
1148 1546 1312 1624 inclinati,

276 1665 362 1739 grato
382 1656 525 1720 uolentes
548 1677 699 1720 occurere
723 1677 872 1730 assensu,
899 1657 1007 1720 habito
1030 1657 1161 1720 consilio
1179 1678 1313 1740 magna-

276 1776 343 1830 tum
364 1777 557 1842 nostrorum,
580 1769 684 1832 omnia
705 1769 871 1852 priuilegia
884 1769 1026 1850 predicte
1042 1769 1175 1832 ecclesie
1194 1770 1226 1830 in
1242 1790 1313 1831 rne-

278 1880 363 1940 dium
384 1880 516 1948 lecimus
539 1879 670 1952 deduci,
692 1888 724 1942 et
744 1900 802 1962 per
823 1879 1044 1942 cancellarium
1063 1888 1205 1943 nostrum
1226 1879 1314 1962 Ugo-

273 1987 372 2055 linum
394 1991 433 2054 de
457 1991 555 2054 uerbo
581 1992 620 2054 ad
645 1993 776 2054 uerbum
806 2011 912 2054 coram
941 1991 1139 2053 multitudine
1168 1991 1312 2073 perlegi,

276 2109 308 2164 et
322 2123 420 2194 quum
440 2101 517 2164 nihil
539 2103 782 2174 contradictione
805 2101 932 2186 dignum
957 2102 1094 2184 potuerit
1117 2099 1253 2164 inueniri
1274 2101 1312 2164 in

275 2215 412 2288 eisdem,
428 2215 532 2278 omnia
548 2215 714 2298 priuilegia
728 2223 845 2290 nostra,
861 2222 892 2276 et
907 2215 1168 2294 predecessorum
1184 2219 1311 2276 nostro-

273 2345 342 2388 ruru
362 2327 557 2398 renouando,
579 2326 753 2388 secundnm
770 2326 854 2408 quod
876 2325 909 2386 in
925 2325 1043 2388 eisdem
1060 2323 1190 2406 siugulis
1207 2324 1310 2386 conti-

274 2445 399 2520 nentur,
421 2455 517 2499 aureu
538 2437 640 2517 sigillo
656 2446 764 2498 nostro
781 2437 1002 2500 confirmamus
1026 2445 1056 2499 et
1077 2436 1177 2499 eciam
1199 2443 1310 2499 aucto-

275 2547 366 2608 ritate
384 2555 489 2610 nostra
504 2547 721 2628 adiungentes,
742 2546 873 2609 firmiter
887 2549 1070 2610 statuimus:

358 2655 402 2738 (1)
424 2665 458 2719 ut
479 2655 521 2719 de
539 2666 645 2720 cetero
661 2657 765 2720 nullus
788 2659 905 2733 banus,
926 2660 994 2720 siue
1009 2660 1048 2721 sit
1063 2660 1102 2722 de
1118 2659 1218 2742 regali
1232 2679 1310 2740 pro-

274 2769 382 2854 genie,
410 2768 477 2831 siue
500 2769 538 2832 de
561 2769 757 2852 magnatibus
780 2769 958 2852 Huugarie,
988 2779 1148 2850 presumat
1171 2769 1307 2851 populos

272 2880 413 2962 predicte
435 2879 567 2944 ecclesie
590 2900 695 2942 coram
723 2901 758 2942 se
782 2879 887 2962 aliqua
911 2881 1076 2943 occasione
1101 2881 1133 2942 in
1155 2880 1307 2966 iudicium

272 2993 413 3067 trabere,
441 3001 495 3073 aut
510 2992 641 3054 alicuius
659 2994 706 3054 rei
722 2993 888 3054 occasione
905 2993 1115 3066 descendere,
1138 3001 1190 3056 aut
1205 2992 1307 3054 eciam

274 3105 479 3192 marturinas,
501 3124 557 3166 seu
579 3124 800 3185 quameunque
824 3104 1004 3180 collectam,
1033 3123 1223 3186 quocunque
1245 3125 1309 3190 ¹no-¹

274 3214 357 3276 mine
371 3226 601 3296 nuncupatam,
617 3214 754 3296 erigere,
769 3215 825 3278 sed
842 3215 948 3295 pocius
963 3213 1094 3278 firmiter
1108 3213 1306 3298 iniungendo

229 3315 237 3334 ’
273 3327 373 3399 bano,
396 3327 463 3390 siue
487 3327 575 3398 duci,
597 3324 668 3400 loco
692 3333 723 3388 et
745 3334 887 3408 tempore
910 3325 1078 3388 constituto
1101 3325 1307 3407 precipimus,

275 3439 360 3522 quod
376 3437 513 3500 decimas
532 3423 773 3498 marturinarum
788 3437 943 3512 omnium,
966 3459 1022 3500 seu
1037 3439 1176 3503 omnium
1191 3437 1307 3500 collec-

274 3556 377 3610 tarum
399 3567 589 3630 quocunque
614 3549 742 3626 nomine
765 3558 1029 3631 nuncupatarnm,
1063 3553 1213 3634 episcopo
1239 3549 1307 3638 ple-

274 3661 381 3732 narie,
403 3669 435 3722 et
453 3660 521 3722 sine
543 3662 789 3736 contradictione
810 3662 914 3743 aliqua
937 3671 969 3724 et
983 3659 1137 3726 dilacione
1153 3672 1308 3744 qnantum

275 3769 363 3834 limas
380 3771 567 3854 episcopalis
583 3770 749 3845 concludit,
766 3772 933 3852 persoluat.
954 3771 1106 3836 decimam
1120 3771 1223 3834 eciam
1238 3744 1308 3834 bm-

275 3881 362 3944 nium
384 3883 571 3948 tributorum
593 3883 785 3976 lomnsium,
807 3883 873 3946 siue
890 3885 1027 3968 decimas
1043 3889 1216 3972 prouentus
1233 3902 1307 3965 por-

273 4001 373 4072 tuum,
395 4014 529 4082 quorum
550 4003 622 4072 suut
643 3995 670 4059 si
692 3995 736 4074 illi
756 3997 881 4074 soluere
896 3995 1078 4080 noluerint,
1091 3995 1234 4080 cogendo
1249 4014 1307 4080 eos
1399 4047 1406 4056 .

275 4128 345 4178 oum
360 4107 450 4198 graui
465 4107 591 4186 iudicio,
613 4092 648 4176 ut
662 4108 775 4186 ceteris
792 4114 894 4184 metus
908 4108 941 4180 iu
955 4107 1108 4186 similibus
1120 4108 1308 4196 insudatur,

275 4221 398 4298 soluere
414 4218 590 4312 compellat.
