2904 4754
303 385 363 460 tat
408 385 497 459 sanc
518 405 560 458 rr.
579 407 669 460 mors
688 408 794 458 rom
815 407 939 458 remum
959 407 992 456 m
1011 402 1101 456 rrsr.
1134 387 1219 472 tute

385 567 443 642 (ἓ)
465 565 609 648 Inprimis
622 564 803 639 statuimus,
823 563 911 647 qnod
925 582 1034 626 currus
1051 581 1158 646 panno
1171 571 1324 640 oneratus,

303 685 519 742 cumcastrum
533 675 712 749 intonuerit,
732 673 887 739 tributarii
902 675 942 738 ad
956 675 1136 758 hospicium
1149 675 1325 738 mercatoris

303 777 456 851 accedunt
473 794 505 850 et
524 785 670 850 estiment
690 805 842 868 pannum,
864 793 896 850 et
916 785 955 848 de
977 803 1084 868 panno
1098 781 1223 851 uolente
1237 786 1328 868 quiu-

302 918 365 982 que
381 917 500 960 marcas
514 897 668 980 recipiant
681 917 778 960 unum
793 898 928 980 pondus.

385 1009 441 1083 (3)
461 1010 539 1072 Item
560 1009 600 1070 de
623 1027 717 1070 curru
738 1015 869 1072 onerato
890 1027 961 1072 cum
982 1007 1143 1090 frugibus,
1165 1009 1220 1091 qui
1236 1009 1329 1072 intrat

303 1139 360 1204 per
374 1128 510 1202 portam,
531 1121 611 1184 duos
625 1119 780 1183 denarios.

385 1231 443 1308 (ἱι)
464 1231 543 1296 Item
558 1232 597 1294 de
614 1231 839 1316 quinquaginta
854 1231 970 1296 salibus
985 1231 1149 1296 dimidium
1163 1232 1280 1307 satem,
1300 1239 1328 1296 et

303 1346 342 1413 de
368 1345 479 1410 decem
503 1344 619 1410 salibus
644 1363 742 1408 unum
765 1343 946 1419 denarium,
977 1352 1011 1408 ct
1036 1344 1081 1406 sie
1105 1345 1327 1410 adscendeudo

302 1477 402 1540 usquc
416 1456 633 1540 ‹puadmgintu

384 1571 440 1644 (5)
461 1569 538 1632 Item
554 1567 592 1630 de
609 1587 704 1632 curru
719 1566 894 1630 cumulonis
914 1567 1068 1650 recipiant
1088 1577 1153 1632 tres
1173 1568 1327 1632 denarios.
1426 1607 1428 1668 t

299 1681 375 1744 item
389 1681 429 1744 da
443 1699 537 1742 curru
551 1677 636 1742 ferro
647 1687 778 1744 onerato
792 1687 855 1742 tres
871 1679 1028 1742 denarios.
1055 1679 1131 1744 item
1150 1679 1192 1742 de
1212 1679 1326 1743 tuncila
1426 1723 1428 1752 ,

301 1792 383 1865 uini,
404 1791 490 1872 quod
504 1789 652 1854 uenditur
666 1789 698 1851 in
712 1789 793 1863 iuro,
815 1789 877 1852 duo
894 1790 1043 1871 pondera.
1063 1791 1139 1854 item
1155 1791 1196 1854 de
1211 1791 1325 1854 tuneiia

300 1903 377 1980 uini,
391 1903 476 1986 quod
490 1901 618 1984 punitur
631 1901 663 1964 in
678 1901 816 1975 cellario,
833 1901 896 1964 duo
912 1902 1062 1982 pondera.
1083 1903 1159 1964 item
1174 1902 1209 1964 iu
1224 1921 1325 1976 curru,
1428 1889 1429 1968 ἶ

242 2077 248 2085 ,
299 2011 412 2096 inquo
427 2022 515 2076 extra
529 2021 665 2078 castrum
680 2021 744 2075 tres
760 2011 876 2075 tuneiie
891 2012 1086 2088 deferuntur,
1106 2013 1265 2079 tributarii
1283 2013 1325 2078 d·

300 2127 430 2193 midium
444 2125 613 2200 fertonem,
626 2123 709 2186 iutra
722 2131 829 2186 autem
843 2123 902 2187 trio
917 2123 1066 2205 pondera.
1087 2123 1165 2186 item
1179 2123 1220 2188 de
1236 2141 1323 2186 curru

299 2239 419 2324 plumbi
433 2238 492 2304 tria
506 2238 657 2320 pondera.
1428 2309 1429 2318 ἵ

383 2351 439 2426 (6)
460 2350 537 2412 Item
553 2349 592 2412 de
608 2367 718 2422 curru,
740 2345 793 2430 qui
807 2353 912 2430 portat
925 2345 1025 2428 peiics
1039 2345 1168 2420 ferinas,
1188 2354 1222 2409 et
1235 2346 1322 2412 inuu
1428 2347 1430 2402 ἲ,

299 2470 455 2535 castrum,
476 2459 629 2524 tributarii
651 2459 806 2524 decedant
826 2459 866 2522 ad
888 2457 1061 2541 hospicium
1084 2457 1321 2534 mercaturis,et
1428 2455 1430 2480 ³

299 2571 473 2634 secundum
495 2570 579 2652 quod
598 2569 783 2632 estimantur
803 2569 919 2652 pelles,
942 2570 982 2632 de
995 2567 1137 2650 quinque
1151 2569 1265 2632 marcis
1277 2589 1321 2632 rc·
1429 2653 1430 2656 Ἴ

299 2683 416 2765 cipiunt
430 2701 527 2743 unum
541 2681 674 2764 pondus.
696 2680 838 2743 similiter
853 2681 1016 2744 statuimus
1032 2681 1071 2742 de
1086 2699 1169 2744 cera.
1428 2657 1430 2676 ’

382 2796 440 2869 (7)
461 2793 578 2856 Currus
598 2793 704 2873 magni
724 2791 918 2874 quipormnt
937 2791 1035 2872 pelles
1050 2789 1201 2866 boninus,
1222 2791 1319 2856 statui·
1429 2795 1430 2842 ἴ

298 2925 369 2970 mus
387 2913 421 2969 ut
441 2903 567 2968 soiuant
588 2901 751 2966 dimidium
775 2901 940 2968 fertonem.
965 2903 1040 2964 item
1061 2903 1100 2966 de
1121 2902 1212 2984 pecia
1233 2902 1318 2984 panni

254 3053 257 3060 =
299 3017 395 3103 grisei
416 3019 478 3082 duo
493 3015 614 3080 denarii
628 3014 802 3096 exigentur.
828 3013 902 3076 item
916 3013 957 3078 de
971 3013 1124 3087 brachiis,
1153 3014 1192 3076 de
1216 3013 1317 3098 pannis

298 3128 390 3194 lineis
406 3131 468 3192 duo
484 3126 616 3190 denarii.

299 3255 303 3260 '
380 3239 441 3314 (8)
463 3239 542 3300 Item
556 3246 697 3318 temporo
711 3253 794 3298 noue
808 3244 945 3312 monete,
961 3237 1033 3300 dum
1049 3235 1183 3298 celebris
1198 3245 1246 3300 est
1257 3237 1316 3319 ipsa

300 3357 441 3422 monete,
469 3348 508 3409 de
533 3365 680 3408 mensura
703 3355 838 3427 quatuor
856 3347 1013 3428 geriacum
1037 3365 1136 3409 unum
1162 3347 1315 3422 denarium

271 3529 273 3536 ,
300 3460 462 3541 recipient.
488 3475 557 3520 cum
580 3464 685 3518 autem
709 3455 830 3518 denarii
853 3456 1004 3538 incipient
1027 3455 1238 3532 descendere,
1265 3475 1315 3538 pro

299 3573 398 3636 tribus
414 3569 507 3651 gariis
521 3587 617 3632 unum
633 3565 806 3630 denarium.

383 3683 440 3756 (9)
461 3681 538 3743 Item
559 3680 599 3742 de
618 3679 783 3742 uenditum
803 3677 877 3760 equi
898 3679 980 3741 duos
1001 3679 1162 3751 montius,
1175 3677 1314 3757 similiter

300 3792 341 3856 do
352 3801 482 3854 emtore.
502 3790 577 3852 item
588 3789 629 3852 uh
641 3809 681 3852 eo
693 3789 746 3870 qui
761 3788 870 3850 uendit
883 3791 1024 3870 pecudes
1039 3809 1137 3852 unum
1152 3789 1313 3854 denarium.

297 3901 374 3963 item
385 3901 423 3962 dc
433 3899 533 3962 tribus
544 3899 690 3973 boribus,
701 3899 755 3980 qui
766 3899 841 3966 emit
853 3900 905 3962 uei
920 3900 1029 3962 uendit
1043 3919 1140 3962 unum
1152 3897 1313 3964 denarium.

298 4011 374 4076 item
399 4011 438 4072 de
462 4009 559 4072 tribus
584 4009 687 4091 porcis
713 4029 810 4073 unum
832 4009 1021 4084 denarium,
1048 4009 1191 4074 similiter
1216 4008 1312 4092 etqui

299 4123 384 4192 emit.

380 4233 460 4312 (10)
480 4231 557 4298 item
580 4233 620 4301 de
644 4251 791 4298 mensura
816 4249 889 4298 cere
909 4251 975 4300 non
994 4251 1093 4320 pure,
1119 4230 1207 4318 quod
1227 4227 1310 4318 uulgo
