2920 4758
510 1213 688 1298 runnu
713 1215 754 1298 n.
780 1166 901 1300 oran

187 1399 507 1479 PRlViLEGlA
529 1403 806 1482 ECCLESIAE
822 1404 1218 1484 JZAGRABIENSIS

545 1607 570 1632 „
615 1558 794 1622 Mccxvlt.

355 1661 357 1674 '
461 1695 602 1748 unarum
620 1695 729 1764 rrryrteo
746 1692 822 1752 sacta
839 1701 872 1756 v.
890 1699 947 1754 asa.
1008 1686 1009 1690 ’
1061 1671 1064 1678 “

602 1849 799 1864 m

268 1956 442 2022 Innomiue
453 1963 560 2020 sancte
577 1956 720 2020 trinitatis
732 1956 936 2022 etindiuidue
950 1959 1087 2022 unitatis.
1109 1959 1219 2022 Amen.

183 2069 327 2133 Andreas
350 2067 519 2150 deipracia
533 2067 708 2150 Huugarie‚
729 2068 904 2146 Dahnacie,
927 2070 1071 2144 Croacie,
1093 2070 1217 2142 Seruio,

185 2179 318 2245 Gallicie
334 2179 586 2262 Lodomerieque
601 2199 657 2244 rex
671 2179 704 2240 in
720 2188 917 2262 perpetuum.
938 2180 1115 2244 Uenerandi
1131 2180 1218 2261 regie

185 2291 291 2372 stirpis
311 2309 511 2354 successores
531 2300 593 2352 tam
613 2290 811 2372 diligentem,
832 2298 896 2352 tam
911 2289 1168 2375 circumspectam
1186 2289 1219 2350 in

182 2422 312 2464 suorum
333 2409 568 2464 antecessorum
591 2382 817 2470 donacionibus
839 2409 871 2463 ct
891 2401 1057 2474 institutis,
1079 2408 1110 2463 ct
1123 2401 1155 2462 in
1169 2399 1219 2462 his

182 2513 318 2576 maxime
345 2513 471 2593 quoad
492 2513 545 2574 dei
566 2511 684 2576 cultum
715 2520 747 2574 et
772 2512 926 2574 honorem
957 2494 1105 2594 deputata
1130 2519 1218 2585 sunt,

184 2625 303 2688 debent
322 2623 437 2686 habere
459 2623 715 2706 prouidenciam,
744 2627 780 2686 ut
799 2624 904 2708 siqua
922 2633 1009 2706 parte
1025 2625 1077 2686 uel
1098 2643 1219 2688 annosa

183 2745 363 2818 temporum
387 2715 522 2808 canicie,
552 2735 604 2798 uel
626 2737 806 2818 importuno
828 2735 1071 2818 malignancium
1098 2737 1218 2823 impetu

183 2847 324 2911 uaciiiari
341 2845 495 2919 uiderint,
516 2867 581 2920 uon
596 2855 717 2909 tantum
732 2848 764 2908 in
779 2847 890 2910 melius
905 2849 1087 2922 immutare,
1105 2868 1217 2910 uerum

183 2957 284 3031 eciam
299 2959 462 3020 immutata
477 2978 533 3020 sue
545 2959 737 3022 auctoritatis
751 2959 922 3020 munimine
937 2959 1085 3022 studeant
1098 2958 1130 3018 in
1145 2978 1217 3038 per-

182 3081 314 3154 petuum
329 3069 488 3132 roborare.
516 3069 609 3132 huius
623 3057 728 3151 itaque
742 3069 829 3152 regie
841 3068 1129 3150 circumspectionis
1145 3088 1217 3129 eru·

184 3183 307 3246 dicione
322 3181 445 3256 moniti,
465 3180 667 3264 presencium
688 3189 782 3264 atque
803 3189 1003 3264 posterorum
1022 3179 1137 3242 noticie
1153 3179 1216 3242 cla-

183 3313 309 3358 rescere
329 3291 490 3368 uolumus,
512 3295 598 3376 quod
615 3271 711 3376 quum
735 3315 877 3357 essemus
898 3294 931 3355 in
947 3293 1152 3376 exsequendo
1167 3291 1216 3354 iti·
1247 3335 1256 3356 .

182 3425 259 3470 uere
282 3413 419 3468 assumto
442 3404 558 3478 crucis,
590 3404 737 3466 iniuriam
760 3405 900 3467 crncifixi
924 3404 1033 3468 ulcisci
1059 3405 1214 3479 uolentes,

183 3517 222 3580 ad
236 3525 375 3588 sanctam
390 3526 506 3580 terram
522 3514 769 3598 proficiscendo,
790 3525 822 3580 ct
836 3518 1031 3580 uenissemus
1048 3516 1086 3577 ad
1101 3519 1215 3600 Zagra-

180 3629 322 3692 bienscm
349 3627 583 3712 episcopatum,
620 3648 656 3690 ae
684 3616 911 3693 monasterium
940 3628 1164 3712 Zagrabienso,
1196 3647 1215 3690 a

181 3760 207 3802 s.
227 3738 375 3804 Ladisiao
402 3761 478 3824 rege
508 3740 704 3807 sanctissime
728 3741 961 3806 recordacionis
988 3741 1214 3822 predecessore

181 3859 291 3915 nostro
306 3859 531 3926 constructum,
546 3852 599 3934 qui
614 3833 904 3928 terram'Slauonie,
918 3853 986 3916 siue
1001 3853 1161 3927 banatum,
1174 3853 1213 3914 ab

179 3982 292 4026 errore
311 3951 489 4026 idololatria
507 3963 547 4031 ad
563 3961 677 4028 Christi
692 3963 859 4027 ueritatem
874 3972 1074 4040 conuertens,
1095 3952 1213 4027 corone

179 4075 342 4171 Hungarie
361 4075 568 4158 subiugauit,.
585 4075 639 4158 qui
657 4076 755 4141 eciam
775 4077 809 4140 in
824 4078 937 4142 eodem
956 4078 1073 4140 banatu
1090 4074 1213 4158 episeo-

178 4195 290 4276 patum
312 4187 460 4270 instituit,
487 4195 518 4254 et
540 4187 766 4260 monasterium
789 4189 823 4260 in
846 4189 1000 4256 honorem
1021 4186 1213 4272 s.Stephani

919 4290 961 4361 27
