2920 4758
290 395 351 460 ast
584 415 680 466 ncne
693 417 739 460 ιιι.
761 415 851 462 neers
872 415 1024 462 eneceris

289 588 375 642 rum,
403 568 436 630 iu
460 567 580 632 octauis
606 567 705 632 sancti
728 569 869 642 Martini,
893 569 1067 636 eximentes
1093 573 1199 636 omnia
1218 573 1321 648 bonam

290 679 507 761 possessiones
524 686 555 741 et
567 679 700 762 populos
715 679 812 760 ipsius
827 677 961 744 ecclesie
976 700 994 742 a
1008 689 1163 760 potestate
1181 685 1320 750 omnium

291 788 483 864 uillicorum,
514 789 546 850 in
568 789 713 852 omnibus
735 791 863 856 omnino
884 791 1081 854 comitatibus
1100 800 1133 856 et
1150 793 1320 874 prouinciis

291 901 392 964 tocius
406 901 496 982 regni
510 900 621 964 nostri.

374 1007 422 1092 (5)
444 1013 521 1074 Item
536 1031 632 1094 super
646 1009 788 1078 libertate
806 1012 995 1094 populorum
1010 962 1143 1081 ecclesie
1159 1016 1321 1098 Quinque-

291 1122 507 1196 ccclesieosis,
529 1129 621 1204 prout
644 1124 717 1188 ab
708 1143 777 1204 ipsa
801 1125 850 1186 eui
873 1124 1063 1189 fundacione
1084 1126 1220 1191 eundem
1238 1128 1321 1192 obii

284 1235 398 1298 ‘nuisse
420 1236 630 1316 comperimus
648 1234 710 1298 boc
732 1235 947 1302 confirmando
970 1237 1138 1310 sancimus,
1159 1239 1247 1320 quod
1266 1259 1322 1320 ρος

292 1345 384 1427 pulos
409 1345 541 1410 ecclesie
565 1346 679 1427 ipsius,
711 1346 859 1410 uidelicet
887 1346 1071 1428 iobagioncs
1096 1347 1223 1422 liberes,
1253 1349 1321 1414 siue

293 1457 392 1520 eciem
412 1456 648 1523 condicionales
666 1456 848 1538 hospitesue
868 1457 1007 1520 eiusdem
1031 1441 1230 1532 ecclesie,¹ut
1250 1467 1323 1524 suut

293 1570 379 1632 ciues
393 1569 442 1632 sui
457 1568 831 1651 Quinqucecclcsienses,
848 1569 925 1632 item
941 1570 980 1634 dc
995 1569 1065 1632 eliis
1078 1553 1219 1652 populis,
1239 1591 1321 1654 qnos

292 1679 327 1744 in
346 1679 479 1744 diuersis
499 1678 641 1760 partibus
664 1679 751 1760 regui
767 1680 864 1742 nostri
878 1679 996 1742 bebere
1012 1680 1198 1754 dinoscitur,
1217 1681 1322 1749 euius·

294 1809 417 1871 cunque
442 1789 561 1852 luerint
581 1790 773 1852 condicionis
797 1799 830 1853 et
850 1798 964 1863 status,
993 1791 1019 1852 si
1040 1810 1110 1854 cum
1131 1791 1208 1872 ipsis
1229 1791 1323 1857 fucrit

293 1899 461 1980 litigatum,
477 1900 515 1962 de
530 1899 627 1980 ipsius
643 1899 773 1962 ecclesie
787 1901 912 1982 populis
926 1909 1034 1964 contra
1049 1903 1179 1966 eosdem
1192 1903 1323 1966 iudicia·

292 2011 364 2078 liter
377 2011 514 2074 debeant
528 2018 624 2074 testes
640 2011 707 2074 deri
722 2012 773 2075 uel
786 2014 928 2092 produci.

374 2121 419 2205 (dl
442 2124 520 2186 ltcm
543 2124 575 2187 iu
600 2123 745 2190 omnibus
771 2124 950 2191 transitibus
976 2126 1145 2188 lluuiorum
1168 2125 1229 2188 uel*
1243 2145 1321 2208 pcn-

293 2237 393 2310 cium,
413 2235 592 2318 ubicunquc
614 2254 632 2296 a
654 2243 760 2300 nostre
783 2235 886 2317 grecia
901 2255 1087 2299 concessum
1102 2257 1173 2300 esse
1189 2257 1321 2320 cognos-

293 2349 381 2421 citur,
403 2347 435 2410 in
457 2347 574 2410 diecesi
597 2353 791 2410 sua-cottam
812 2348 879 2430 ipsc
895 2347 1061 2430 episcopus
1080 2348 1194 2413 iustam
1215 2348 1321 2412 tributi

293 2459 447 2522 decimam
462 2465 683 2539 consequetur,
705 2459 790 2539 quod
811 2458 914 2540 ipsum
930 2477 999 2522 esse
1015 2479 1181 2523 commune
1202 2459 1251 2522 ius
1266 2480 1321 2522 uo-

293 2570 396 2635 uimus
411 2570 556 2632 omnibus
571 2568 803 2634 cathedralibus
818 2569 959 2634 ecclesiis
975 2571 1066 2652 regni
1078 2571 1189 2635 nostri.

377 2677 425 2762 (7)
447 2681 594 2744 Similiter
608 2680 707 2746 ceiam
721 2681 753 2742 iu
770 2680 914 2744 omnibus
934 2680 1010 2743 loris
1025 2682 1154 2756 nostris,
1175 2689 1208 2744 et
1221 2682 1320 2748 eciam

293 2793 426 2856 eliorum
439 2791 596 2866 locorum,
618 2792 651 2857 iu
665 2791 779 2874 quibus
793 2792 942 2854 tributurb
958 2811 1077 2857 nouum
1090 2792 1142 2854 uel
1157 2792 1320 2876 antiquum

293 2901 412 2988 aregia
427 2905 669 2998 quibuscunque
691 2904 796 2986 grecia
817 2910 865 2966 est
885 2903 1055 2978 indultum,
1077 2924 1172 2986 quam
1189 2906 1321 2986 quicun-

293 3039 354 3100 que
370 3019 493 3080 soluere
507 3017 728 3100 denegauerit,
749 3015 831 3080 illius
846 3011 1053 3096 possessionis‘
1068 3035 1181 3080 rcuem
1194 3017 1321 3097 pericu·

292 3127 374 3203 lum,
395 3131 420 3192 si
436 3130 596 3212 probatur,
618 3130 764 3190 incurret.

374 3238 419 3322 (8)
440 3242 519 3304 Item
539 3240 571 3302 in
590 3238 735 3302 omnibus
751 3239 894 3311 censibus
909 3239 1087 3304 marturinis
1101 3247 1209 3304 nostre
1225 3240 1322 3304 maie·

292 3349 364 3416 stati
386 3349 438 3414 uel
457 3348 584 3422 haustui
605 3348 734 3422 debitis,
755 3335 823 3430 ipsa
838 3349 973 3416 ecclesia
988 3351 1023 3410 in
1037 3368 1095 3412 sua
1109 3349 1226 3416 diecesi
1241 3351 1322 3420 inte,-

291 3481 364 3545 gres
390 3459 543 3541 percipiet
567 3461 722 3534 decimas,
753 3461 833 3524 sicut
857 3462 896 3524 ab
921 3461 1050 3542 antiquo
1073 3481 1198 3542 semper
1221 3461 1323 3524 extitit

292 3574 505 3636 obseruatum.
532 3591 591 3636 nec
612 3571 799 3647 collectores
819 3572 969 3636 dictarum
994 3573 1235 3637 marturinarum
1254 3573 1323 3636 siae

291 3684 419 3746 bomine
438 3683 557 3746 domini
582 3683 722 3766 episcopi
746 3683 859 3748 alieubi
882 3684 915 3746 in
938 3684 1098 3764 prouincia
1119 3685 1323 3764 recipiantur,

291 3813 350 3862 nec
376 3794 482 3858 dicore
510 3801 709 3876 presumant,
744 3793 829 3856 alias.
847 3795 974 3856 omnino
999 3795 1166 3876 episcopus
1192 3795 1322 3858 eosdem

292 3904 391 3985 possit
405 3907 687 3970 excommunicare.
705 3905 824 3986 passim
840 3903 956 3968 fuerint
1053 3923 1323 3988 unumquemque,

294 4014 346 4080 st
338 4033 467 4098 insuper
481 4015 629 4086 damnem
643 4032 703 4088 sue
714 4014 832 4080 illatum
846 4016 981 4082 ecclesie
999 4016 1039 4080 ab
1054 4016 1175 4080 eisdem
1192 4013 1323 4080 iudicia·

291 4125 362 4196 liter
377 4134 617 4210 consequantur
669 4167 671 4172 ,
757 4167 759 4174 ,

297 4235 417 4332 (9)
438 4240 514 4308 Item
529 4237 734 4332 precipimus
730 4258 845 4318 omues
859 4171 1012 4316 officiales
1024 4173 1174 4339 ecclesie,
1196 4259 1251 4336 (ιιι
1243 4237 1322 4314 ds
