3048 4760
385 432 646 510 comitiorum
664 447 805 510 srnbnus
820 443 982 514 'benensis
1025 445 1115 514 liii.
1200 440 1261 514 589

232 619 285 682 uel
301 615 507 702 extorquere,
529 625 585 682 eut
598 637 711 700 capere
726 601 813 682 motu
826 621 968 703 proprio,
986 603 1042 684 uel
1060 619 1204 704 accipere
1220 621 1259 682 de

232 732 323 794 bonis
345 730 511 810 mobilibus
533 731 584 792 uel
608 731 829 806 immobilibus,
851 741 905 796 ant
925 753 958 796 se
979 734 1188 808 monentibus,
1208 729 1262 794 uel
1327 732 1336 752 ¹

233 843 272 904 de
292 841 412 903 iuribus
435 841 696 904 monasteriorum
718 852 771 906 aut
793 845 997 906 ecelesiarum
1016 844 1173 926 ipsarum,
1200 861 1261 906 nec

232 955 265 1016 in
285 953 330 1016 cis
349 961 487 1016 statuere
510 949 629 1034 aliquas
646 953 818 1036 prelaturas
834 937 891 1018 seu
907 955 1005 1018 eciam
1019 955 1180 1030 rectorias,
1200 970 1261 1017 neo

232 1075 397 1126 remouere
412 1063 480 1126 siue
495 1050 691 1146 supprimere
705 1055 758 1127 nel
770 1066 867 1128 ceiam
883 1086 1036 1130 reuocare
1051 1072 1192 1141 statutas,
1202 1067 1262 1129 nee

234 1172 362 1254 deipsis
378 1173 577 1236 monasteriis
592 1175 645 1237 uel
660 1173 800 1238 ecclesiis
817 1185 870 1239 eut
883 1176 1111 1258 temporalibus
1126 1191 1183 1240 seu
1198 1177 1262 1258 spt-

232 1285 404 1358 ritualibus,
425 1283 476 1346 uel
496 1281 615 1348 iuribus
637 1289 827 1361 eorundem,
848 1289 914 1351 'nisi
929 1296 1080 1370 qnantum
1097 1289 1136 1351 ad
1152 1288 1263 1350 delen-¹

233 1395 354 1458 sinnern
377 1396 571 1478 pertineant,
593 1385 741 1479 adquam
760 1399 885 1479 patroni
902 1401 1067 1461 teneantur
1082 1399 1262 1480 disponere,

234 1515 287 1570 aut
301 1507 401 1570 eciam
416 1527 450 1570 se
465 1507 691 1583 intromittere,
712 1510 764 1572 uel
779 1484 900 1592 aliquos
921 1511 954 1571 in
973 1509 1049 1592 ipsis
1064 1507 1261 1572 'monasteriis

235 1627 287 1680 aut
302 1618 442 1682 ecclesiis
458 1620 619 1683 instituere
634 1621 687 1684 u'el
703 1601 890 1695 destituere,
912 1607 1094 1684 huiusmodi
1114 1621 1191 1684 iuris
1205 1637 1262 1702 pa-

177 1749 179 1755 *
233 1735 372 1794 tronatus
395 1738 556 1812 pretextu,
579 1745 767 1815 quocunque
789 1733 919 1796 inuento
941 1733 1046 1797 colore
1067 1737 1262 1816 presumant.

234 1833 438 1905 decernimus¹
455 1850 559 1930 autern
576 1844 724 1918 irritum,
752 1853 783 1908 et
800 1829 894 1908 inane
918 1843 1072 1928 quidquid
1094 1865 1111 1908 a
1131 1839 1279 1927 prelatis

232 1954 374 2034 personis
395 1953 478 2018 cirea
493 1943 681 2018 morrasteria
696 1962 727 2017 et
741 1955 891 2018 ecclesias
914 1964 945 2018 et
959 1955 1018 2018 alia
1034 1955 1138 2019 omnia
1152 1963 1184 2018 et
1197 1953 1262 2017 sin-

233 2061 306 2145 gula
330 2052 508 2148 supradicta
533 2052 641 2128 contra
670 2075 813 2130 tenorem
841 2059 997 2150 presentis
1026 2065 1262 2130 constitucionis

231 2181 350 2238 temere
372 2166 536 2260 contigerit
559 2177 747 2258 attemptari.
774 2197 832 2258 per
846 2177 927 2238 hanc
948 2181 1053 2238 autem
1069 2176 1261 2238 declarecio-

232 2295 305 2348 irem
320 2277 350 2349 ct
363 2289 624 2350 constitucionem
639 2289 759 2351 nullum
774 2287 860 2350 neris
874 2289 1014 2370 patronis
1027 2307 1124 2370 super
1137 2287 1185 2348 his
1197 2305 1259 2369 que

233 2397 290 2459 sibi
305 2408 495 2480 competunt,
516 2401 548 2462 id
563 2407 610 2462 est
624 2385 700 2462 iuris
719 2385 913 2481 patronatus,
934 2397 1142 2482 preindiciurn
1164 2418 1260 2482 gene-

232 2515 328 2571 retur.
353 2510 436 2592 siqui
457 2530 536 2572 uero
551 2531 740 2593 quacunque
758 2512 1001 2593 ‘presumpcione
1022 2519 1130 2574 eontra
1146 2511 1262 2574 consti-

175 2638 179 2645 *
231 2621 390 2700 tucionem
408 2623 586 2684 huiusmodi
607 2623 773 2686 uenientes
789 2623 980 2689 monasteria
994 2623 1045 2686 uel
1062 2623 1215 2686 eeclesias
1227 2624 1261 2684 in

234 2719 380 2814 predictis
395 2733 447 2794 uel
467 2733 680 2814 predictorum
695 2710 801 2816 aliquo
815 2733 981 2799 molestare
997 2743 1050 2796 aut
1065 2735 1262 2816 perturbare,

234 2851 287 2905 aut
308 2845 347 2904 de
368 2844 452 2923 ipsis
465 2845 662 2906 monasteriis
682 2843 735 2908 uel
755 2845 897 2908 ecclesiis
920 2867 977 2908 seu
991 2845 1081 2909 bonis
1097 2853 1128 2908 et
1141 2838 1262 2907 iuribus

233 2971 343 3015 eorum
364 2973 398 3014 se
407 2947 638 3016 ¹intromiserim
652 2975 779 3036 quoquo
794 2956 900 3030 modo,
921 2955 1066 3038 ingressu
1082 2947 1215 3018 ecclesie
1231 2963 1268 3018 et

233 3063 440 3146 percepcione
463 3073 730 3128 sacramentorum
753 3065 1092 3128 ecc-lesiasticorum‘se
1115 3066 1262 3128 nouerint

233 3174 429 3251 interdictos,
450 3168 558 3238 donec=
567 3177 781 3251 satisfactione
798 3177 967 3258 premissa,
980 3171 1007 3238 'a
1022 3175 1261 3258 perturbacione

234 3293 266 3348 et
279 3287 520 3362 molestaeione,
543 3294 574 3350 et
588 3285 656 3349 aliis
672 3283 858 3370 supradictis
875 3282 1063 3362 destiterint,
1079 3296 1110 3350 et
1124 3307 1181 3369 per
1195 3287 1264 3350 die·

130 3383 136 3386 ”
234 3415 382 3462 cesanum
404 3399 529 3462 illarum
555 3399 759 3462 ecelesiarum
783 3421 840 3462 seu
868 3383 1150 3474 monasteriorum,
1181 3413 1261 3481 quos

233 3500 423 3572 huiusmodi
442 3510 608 3573 occasione
635 3510 772 3574 leserunt
800 3511 840 3574 ad
865 3511 997 3574 ecclesie
1025 3509 1202 3592 ingressum
1230 3515 1262 3573 et

234 3628 503 3682 sacramentorum
525 3623 769 3702 percepcionem
785 3622 904 3684 fuerint
922 3622 1065 3684 restituti.
1087 3623 1141 3704 qui
1156 3630 1261 3685 autem

233 3731 278 3793 sic
292 3731 453 3812 suspensis
469 3741 500 3795 et
513 3733 703 3807 interdictis,
725 3741 892 3814 antequam
914 3741 950 3794 ut
970 3733 1115 3814 superius
1138 3739 1185 3796 est
1206 3731 1263 3796 err-s

233 3858 377 3922 pressum
397 3833 871 3905 ecclesiastica.ministrauerint
893 3850 1104 3918 sacramenta,
1132 3864 1191 3926 per
1205 3863 1261 3906 sex

234 3969 359 4015 menses
374 3951 577 4015 auollacione
591 3961 857 4016 sacramentorum
871 3953 1018 4016 nouerint
1031 3975 1066 4018 se
1080 3975 1262 4038 suspensos.

316 4060 382 4145 (52)
405 4062 484 4125 Cum
507 4061 677 4126 multorum
697 4065 876 4128 assercione
898 4065 1110 4142 didicerimus,
1138 4075 1261 4149 pestem

234 4176 402 4256 qnamdam
423 4176 456 4238 in
476 4193 576 4255 regno
600 4175 775 4258 ilungarie,
797 4184 831 4240 et
847 4175 913 4241 aliis
934 4179 1026 4241 terris
1045 4185 1154 4242 nostre
1174 4175 1262 4260 lega-

234 4277 457 4352 cionis'cont'ra
471 4285 567 4351 deum
582 4291 614 4354 et
628 4285 871 4354 ecclesiasticam
892 4287 1070 4354 libertatem
1089 4285 1262 4360 incaluisse
