2978 4754
253 412 314 482 716
574 425 762 480 nonna·
782 429 823 478 nn
844 427 957 478 vassa

252 591 343 664 kam,
357 597 390 653 et
403 589 520 652 Bonam
535 607 575 651 ex
589 587 664 662 alia,
678 588 803 650 mcmsz
823 587 909 669 qnod
922 587 1132 668 prenominati
1143 582 1284 649 tumst

253 708 285 764 et
295 699 361 762 lllh
376 699 530 763 dixissent
539 715 647 761 coram
662 697 790 761 dominu
804 711 863 760 sn‘o
874 697 1021 762 lamslm
1035 698 1165 770 comite,
1178 697 1283 760 iudice·

251 809 399 874 uidelicet
419 807 512 872 huius
532 827 643 882 cause,
664 810 785 890 seipsos
801 817 1025 871 conterraneos
1039 825 1112 869 cum
1126 809 1284 889 prenomi-

250 922 331 984 natis
351 939 460 984 eorum
476 919 664 982 aduersariis
679 920 711 980 ln
726 927 811 982 turra
827 919 963 1002 llerelry.
991 919 1165 982 aduersarii
1179 927 1283 982 adleta

250 1033 384 1116 predicti
410 1032 563 1094 dixissent
587 1051 643 1094 cos
663 1047 734 1094 esse
755 1039 907 1104 extorres,
939 1031 993 1113 qul
1016 1032 1142 1093 tandem
1161 1031 1286 1113 scipsos

250 1152 526 1226 recognoscentes,
548 1144 655 1206 habita
667 1143 779 1206 iudicis
792 1142 940 1216 denuda,
964 1143 1160 1223 recepissent
1175 1158 1232 1206 eos
1249 1143 1284 1205 itt

252 1255 450 1317 consorcium
464 1264 551 1318 terre
563 1255 719 1336 predicto,
740 1259 873 1334 excepto
889 1250 1034 1334 uirgulta,
1060 1254 1179 1346 dequo
1193 1254 1285 1315 Petn-

252 1367 315 1430 aad
331 1375 363 1430 ct
375 1367 439 1430 Mili
456 1374 575 1448 partem
591 1383 655 1430 non
669 1365 796 1428 habent.

336 1477 424 1559 (att)
447 1481 548 1541 chus
562 1477 645 1540 lilius
656 1478 795 1559 Dionysii
811 1477 948 1550 artificis,
970 1477 1023 1558 qul
1038 1477 1162 1558 anensit
1173 1478 1205 1539 in
1220 1477 1284 1540 elo³
1314 1549 1315 1552 Ἴ

253 1591 384 1653 nacione
398 1589 600 1670 sepulchrum
614 1585 712 1650 suncti
722 1587 856 1650 Ladislai
872 1587 965 1669 regis,
979 1595 1012 1650 et
1025 1607 1044 1649 a
1059 1587 1283 1668 gloriosissimo

252 1721 329 1782 rege
350 1699 424 1762 Belo
447 1716 506 1780 pro
527 1717 566 1760 eo
587 1697 719 1760 artificio
741 1706 896 1780 perpetua
917 1699 1062 1760 libertate
1083 1699 1218 1762 donatus
1238 1705 1285 1762 cll

254 1826 325 1873 eum
340 1811 424 1871 omni
438 1809 650 1890 generacione
665 1807 704 1870 ab
718 1821 757 1871 eo
772 1824 969 1884 successura,
990 1809 1285 1872 sencicns‘dissolu·

255 1923 379 1986 cionem
406 1922 455 1982 sui
480 1919 620 2001 corporis
647 1920 828 1995 imminere,
858 1921 1016 2002 quendam
1040 1932 1168 1984 sernum
1193 1935 1284 1984 suum

252 2033 381 2096 nomine
391 2031 475 2115 Urug
489 2029 651 2096 constitnit
661 2031 837 2094 dnslnicum
849 2031 1058 2115 exsequialem,
1071 2050 1166 2114 quam
1180 2033 1285 2114 ipsum

253 2155 316 2210 tam
333 2163 459 2208 omnem
475 2144 543 2206 cius
557 2143 765 2206 ineruditorum
779 2143 920 2218 uirilem,
941 2145 990 2206 lta-
1001 2153 1033 2206 ut
1047 2144 1178 2226 siugulis
1193 2141 1285 2206 annis

253 2257 337 2340 apud
351 2253 519 2318 ecclesiam
535 2255 575 2317 de
586 2255 730 2317 Beseneu
745 2248 943 2316 celebrarent
956 2255 1106 2337 exequias
1120 2261 1193 2316 cum
1208 2255 1285 2316 dua·

252 2367 311 2430 ltus
326 2366 440 2439 missis,
454 2383 523 2428 uua
538 2384 618 2439 oue,
641 2361 924 2447 trigintapanlbus,
946 2383 1010 2428 uno
1025 2381 1156 2439 ansere,
1178 2373 1210 2429 ct
1222 2363 1284 2428 uui

254 2479 378 2562 gallina,
399 2485 431 2541 ct
444 2474 567 2567 duabus
580 2476 804 2560 chybrionilsus
819 2477 985 2552 cercuisie,
1005 2475 1187 2544 otdccimas
1198 2478 1286 2540 imos
1398 2501 1401 2512 ¹

254 2588 473 2653 condicionem
496 2588 643 2650 seruilem
658 2589 712 2650 dct
732 2587 906 2662 sacerdoti,
927 2589 1046 2652 scilicet
1061 2590 1140 2652 duos
1155 2588 1286 2652 cubulos

252 2699 541 2783 longemanum,
562 2709 594 2762 ct
606 2717 702 2762 anam
718 2699 874 2782 gallinam.

338 2809 426 2892 (atu)
447 2811 488 2873 Us
516 2810 598 2874 lilius
623 2813 726 2892 'lump
754 2812 794 2874 de
816 2811 891 2874 uilla
911 2813 996 2875 Hoth
1020 2813 1167 2894 ioubagio
1192 2813 1289 2876 castri

253 2923 368 2986 Blelror
387 2923 531 2986 uendidit
550 2935 678 2986 seruum
693 2936 784 2984 suum
799 2923 925 2985 numine
940 2925 1088 2998 dumont,
1106 2929 1142 2986 ct
1155 2910 1286 2988 uxorem

254 3037 321 3098 cius
338 3035 553 3117 Gerquenam
574 3043 606 3098 et
622 3034 720 3098 lilium
736 3036 878 3098 eiusdem
894 3036 1012 3118 doxam
1028 3035 1197 3099 Theodoro
1222 3037 1284 3101 lilio·

172 3201 177 3206 .
253 3145 395 3229 Dionysii
408 3165 467 3228 pro
482 3146 667 3209 sexrnarcis
682 3153 713 3208 ct
727 3162 791 3206 una
804 3156 919 3220 uacca,
939 3154 1086 3227 presente
1100 3142 1194 3233 Iacob
1210 3167 1284 3230 cog-

254 3265 330 3321 nato
353 3277 412 3321 suo
436 3256 501 3321 filio
523 3259 605 3320 Hurt
628 3265 659 3320 ct
683 3275 747 3318 non
770 3257 1019 3331 contradicente,
1044 3265 1075 3320 ct
1097 3259 1283 3322 Theodorus

254 3368 407 3450 persoluit
424 3387 479 3430 sex
502 3387 623 3430 marcas
643 3367 712 3429 illas
734 3376 766 3430 ct
780 3385 906 3430 uaccam
921 3367 1014 3430 nobis
1028 3369 1284 3450 presentibusad

254 3497 365 3540 manus
379 3477 512 3558 predicti
526 3477 629 3539 Iacob.

338 3586 425 3671 (did)
448 3587 510 3650 Usu
533 3577 615 3650 lilius
630 3589 734 3651 Pouse
755 3589 795 3652 do
810 3589 942 3652 Sucuroi
964 3589 1102 3671 impeciit
1114 3591 1283 3655 Martinam

254 3708 287 3765 et
298 3701 426 3764 nstrum
440 3699 569 3764 fratrem
583 3700 662 3775 eius,
677 3701 787 3765 dicens
802 3703 888 3784 quud
900 3701 1018 3783 hospes
1031 3710 1143 3764 corum
1151 3699 1285 3766 uacuis-

254 3819 302 3878 set
321 3815 468 3876 damnum
489 3815 528 3875 ad
548 3813 782 3878 estimacioncm
803 3822 874 3877 octo
898 3831 1089 3888 marcarum,
1111 3815 1283 3896 quodcum

253 3925 297 3988 illi
321 3932 474 4008 negarent
480 3969 490 4000 ,
519 3926 643 4008 cognati
667 3926 830 4008 utriusque
856 3926 962 4006 partis,
989 3919 1107 3988 scilicet
1129 3925 1284 4001 Nicolaus

246 4039 339 4112 ‚stom
353 4037 546 4112 Ambrosius,
563 4043 628 4100 una
641 4041 711 4100 curti
726 4037 839 4100 Bodun
854 4036 1147 4120 comitandumque
1161 4047 1284 4120 partem
1299 4055 1301 4060 ’

253 4149 287 4212 ln
300 4149 386 4232 ipsos
400 4149 533 4214 arbitros
548 4142 802 4213 constudentem
817 4124 1041 4223 alsmamces',
1061 4147 1216 4213 miserant
1227 4156 1286 4232 nur

218 4278 220 4284 ’
255 4246 440 4344 pristaldnm
455 4263 582 4327 Petrum
597 4259 694 4326 lilium
708 4255 858 4326 llorodec
879 4263 920 4326 de
933 4253 1009 4326 nilla
1025 4262 1135 4326 dodun
1155 4263 1196 4328 ad
1210 4279 1285 4327 osas
