<?xml version="1.0" encoding="UTF-8"?>
<!DOCTYPE html PUBLIC "-//W3C//DTD XHTML 1.0 Transitional//EN"
    "http://www.w3.org/TR/xhtml1/DTD/xhtml1-transitional.dtd">
<html xmlns="http://www.w3.org/1999/xhtml" xml:lang="en" lang="en">
 <head>
  <title>
</title>
<meta http-equiv="Content-Type" content="text/html;charset=utf-8" />
  <meta name='ocr-system' content='tesseract 3.04.00' />
  <meta name='ocr-capabilities' content='ocr_page ocr_carea ocr_par ocr_line ocrx_word'/>
</head>
<body>
  <div class='ocr_page' id='page_1' title='image "./rerumhungaricar01endlgoog_0202.png"; bbox 0 0 2904 4754; ppageno 0'>
   <div class='ocr_carea' id='block_1_1' title="bbox 284 373 1314 446">
    <p class='ocr_par' dir='ltr' id='par_1_1' title="bbox 284 373 1314 446">
     <span class='ocr_line' id='line_1_1' title="bbox 284 373 1314 446; baseline -0.004 0"><span class='ocrx_word' id='word_1_1' title='bbox 284 377 344 446; x_wconf 81' lang='lat' dir='ltr'><strong>cet</strong></span> <span class='ocrx_word' id='word_1_2' title='bbox 386 395 473 446; x_wconf 77' lang='lat' dir='ltr'><strong>arun</strong></span> <span class='ocrx_word' id='word_1_3' title='bbox 488 395 530 446; x_wconf 85' lang='lat' dir='ltr'><strong>rr.</strong></span> <span class='ocrx_word' id='word_1_4' title='bbox 543 393 635 444; x_wconf 82' lang='lat' dir='ltr'><strong>ruors</strong></span> <span class='ocrx_word' id='word_1_5' title='bbox 649 391 800 444; x_wconf 76' lang='lat' dir='ltr'><strong>nrcnrrrs</strong></span> <span class='ocrx_word' id='word_1_6' title='bbox 814 392 1001 444; x_wconf 82' lang='lat' dir='ltr'><strong>rorosorou</strong></span> <span class='ocrx_word' id='word_1_7' title='bbox 1014 391 1199 442; x_wconf 78' lang='lat' dir='ltr'><strong>mrsssmu.</strong></span> <span class='ocrx_word' id='word_1_8' title='bbox 1229 373 1314 443; x_wconf 61' lang='lat' dir='ltr'><strong>lists.</strong></span> 
     </span>
    </p>
   </div>
   <div class='ocr_carea' id='block_1_2' title="bbox 283 547 1317 968">
    <p class='ocr_par' dir='ltr' id='par_1_2' title="bbox 283 547 1317 968">
     <span class='ocr_line' id='line_1_2' title="bbox 283 547 1317 634; baseline -0.005 -19"><span class='ocrx_word' id='word_1_9' title='bbox 283 553 361 615; x_wconf 77' lang='lat' dir='ltr'><strong>narn</strong></span> <span class='ocrx_word' id='word_1_10' title='bbox 384 558 547 634; x_wconf 77' lang='lat' dir='ltr'><strong>presentes</strong></span> <span class='ocrx_word' id='word_1_11' title='bbox 568 550 675 614; x_wconf 86' lang='lat' dir='ltr'><strong>literas</strong></span> <span class='ocrx_word' id='word_1_12' title='bbox 698 547 926 622; x_wconf 80' lang='lat' dir='ltr'><strong>concessimus,</strong></span> <span class='ocrx_word' id='word_1_13' title='bbox 948 547 1081 630; x_wconf 88' lang='lat' dir='ltr'><strong>duplicis</strong></span> <span class='ocrx_word' id='word_1_14' title='bbox 1104 548 1198 631; x_wconf 80' lang='lat' dir='ltr'><strong>sigilli</strong></span> <span class='ocrx_word' id='word_1_15' title='bbox 1220 549 1317 611; x_wconf 86' lang='lat' dir='ltr'><strong>nostri</strong></span> 
     </span>
     <span class='ocr_line' id='line_1_3' title="bbox 284 657 1316 733; baseline -0.006 -7"><span class='ocrx_word' id='word_1_16' title='bbox 284 663 455 726; x_wconf 83' lang='lat' dir='ltr'><strong>munimine</strong></span> <span class='ocrx_word' id='word_1_17' title='bbox 470 658 644 726; x_wconf 80' lang='lat' dir='ltr'><strong>roboratas.</strong></span> <span class='ocrx_word' id='word_1_18' title='bbox 666 661 773 724; x_wconf 89' lang='lat' dir='ltr'><strong>datum</strong></span> <span class='ocrx_word' id='word_1_19' title='bbox 788 679 871 724; x_wconf 88' lang='lat' dir='ltr'><strong>anno</strong></span> <span class='ocrx_word' id='word_1_20' title='bbox 887 659 1007 724; x_wconf 89' lang='lat' dir='ltr'><strong>domini</strong></span> <span class='ocrx_word' id='word_1_21' title='bbox 1020 657 1186 733; x_wconf 86' lang='lat' dir='ltr'><strong>millesimo</strong></span> <span class='ocrx_word' id='word_1_22' title='bbox 1202 659 1316 721; x_wconf 89' lang='lat' dir='ltr'><strong>ducen-</strong></span> 
     </span>
     <span class='ocr_line' id='line_1_4' title="bbox 284 771 1315 858; baseline -0.008 -20"><span class='ocrx_word' id='word_1_23' title='bbox 284 774 397 838; x_wconf 86' lang='lat' dir='ltr'><strong>tesimo</strong></span> <span class='ocrx_word' id='word_1_24' title='bbox 412 773 674 858; x_wconf 83' lang='lat' dir='ltr'><strong>quinquagesimo</strong></span> <span class='ocrx_word' id='word_1_25' title='bbox 689 781 811 855; x_wconf 87' lang='lat' dir='ltr'><strong>quarto,</strong></span> <span class='ocrx_word' id='word_1_26' title='bbox 831 772 931 836; x_wconf 90' lang='lat' dir='ltr'><strong>tercio</strong></span> <span class='ocrx_word' id='word_1_27' title='bbox 945 771 1104 834; x_wconf 83' lang='lat' dir='ltr'><strong>Kalendas</strong></span> <span class='ocrx_word' id='word_1_28' title='bbox 1115 771 1315 852; x_wconf 79' lang='lat' dir='ltr'><strong>Septembris,</strong></span> 
     </span>
     <span class='ocr_line' id='line_1_5' title="bbox 283 885 953 968; baseline -0.004 -20"><span class='ocrx_word' id='word_1_29' title='bbox 283 887 374 968; x_wconf 77' lang='lat' dir='ltr'><strong>regni</strong></span> <span class='ocrx_word' id='word_1_30' title='bbox 388 893 492 950; x_wconf 87' lang='lat' dir='ltr'><strong>autem</strong></span> <span class='ocrx_word' id='word_1_31' title='bbox 507 885 606 948; x_wconf 79' lang='lat' dir='ltr'><strong>nostri</strong></span> <span class='ocrx_word' id='word_1_32' title='bbox 620 904 703 947; x_wconf 87' lang='lat' dir='ltr'><strong>anno</strong></span> <span class='ocrx_word' id='word_1_33' title='bbox 719 885 843 947; x_wconf 89' lang='lat' dir='ltr'><strong>decimo</strong></span> <span class='ocrx_word' id='word_1_34' title='bbox 858 903 953 946; x_wconf 88' lang='lat' dir='ltr'><strong>nono.</strong></span> 
     </span>
    </p>
   </div>
   <div class='ocr_carea' id='block_1_3' title="bbox 633 1131 970 1152">
    <p class='ocr_par' dir='ltr' id='par_1_3' title="bbox 633 1131 970 1152">
     <span class='ocr_line' id='line_1_6' title="bbox 633 1131 970 1152; baseline -0.006 0"><span class='ocrx_word' id='word_1_35' title='bbox 633 1131 970 1152; x_wconf 47' lang='lat' dir='ltr'><strong>&amp;m</strong></span> 
     </span>
    </p>
   </div>
   <div class='ocr_carea' id='block_1_4' title="bbox 589 1351 1020 1443">
    <p class='ocr_par' dir='ltr' id='par_1_4' title="bbox 589 1351 1020 1443">
     <span class='ocr_line' id='line_1_7' title="bbox 589 1351 1020 1443; baseline 0.005 -17"><span class='ocrx_word' id='word_1_36' title='bbox 589 1353 746 1427; x_wconf 80' lang='lat' dir='ltr'>BELAE</span> <span class='ocrx_word' id='word_1_37' title='bbox 771 1353 836 1428; x_wconf 89' lang='lat' dir='ltr'><strong>lv.</strong></span> <span class='ocrx_word' id='word_1_38' title='bbox 863 1351 1020 1443; x_wconf 76' lang='lat' dir='ltr'><strong>REGlS</strong></span> 
     </span>
    </p>
   </div>
   <div class='ocr_carea' id='block_1_5' title="bbox 329 1460 1276 1734">
    <p class='ocr_par' dir='ltr' id='par_1_5' title="bbox 329 1460 1276 1734">
     <span class='ocr_line' id='line_1_8' title="bbox 329 1460 1276 1600; baseline -0.001 -2"><span class='ocrx_word' id='word_1_39' title='bbox 329 1460 531 1600; x_wconf 77' lang='lat' dir='ltr'><strong>lunaris</strong></span> <span class='ocrx_word' id='word_1_40' title='bbox 555 1511 805 1599; x_wconf 82' lang='lat' dir='ltr'><strong>rorcronun</strong></span> <span class='ocrx_word' id='word_1_41' title='bbox 833 1513 1039 1596; x_wconf 83' lang='lat' dir='ltr'><strong>rccrrsrn</strong></span> <span class='ocrx_word' id='word_1_42' title='bbox 1067 1512 1276 1597; x_wconf 78' lang='lat' dir='ltr'><strong>nonusis.</strong></span> 
     </span>
     <span class='ocr_line' id='line_1_9' title="bbox 721 1671 883 1734; baseline -0.012 0"><span class='ocrx_word' id='word_1_43' title='bbox 721 1671 883 1734; x_wconf 80' lang='lat' dir='ltr'><strong>MCCLIV.</strong></span> 
     </span>
    </p>
   </div>
   <div class='ocr_carea' id='block_1_6' title="bbox 541 1838 1061 1906">
    <p class='ocr_par' dir='ltr' id='par_1_6' title="bbox 541 1838 1061 1906">
     <span class='ocr_line' id='line_1_10' title="bbox 541 1838 1061 1906; baseline -0.002 -13"><span class='ocrx_word' id='word_1_44' title='bbox 541 1842 564 1893; x_wconf 72' lang='grc' dir='ltr'><strong>Ε</strong></span> <span class='ocrx_word' id='word_1_45' title='bbox 581 1839 763 1906; x_wconf 72' lang='lat' dir='ltr'><strong>manuscriptis</strong></span> <span class='ocrx_word' id='word_1_46' title='bbox 780 1839 904 1906; x_wconf 75' lang='lat' dir='ltr'><strong>Stephani</strong></span> <span class='ocrx_word' id='word_1_47' title='bbox 928 1838 1061 1906; x_wconf 73' lang='lat' dir='ltr'><strong>Reprinei.</strong></span> 
     </span>
    </p>
   </div>
   <div class='ocr_carea' id='block_1_7' title="bbox 289 2125 1326 4320">
    <p class='ocr_par' dir='ltr' id='par_1_7' title="bbox 289 2125 1326 4320">
     <span class='ocr_line' id='line_1_11' title="bbox 371 2125 1320 2212; baseline -0.002 -22"><span class='ocrx_word' id='word_1_48' title='bbox 371 2128 445 2192; x_wconf 88' lang='lat' dir='ltr'><strong>Bela</strong></span> <span class='ocrx_word' id='word_1_49' title='bbox 463 2127 513 2192; x_wconf 89' lang='lat' dir='ltr'><strong>dei</strong></span> <span class='ocrx_word' id='word_1_50' title='bbox 536 2126 831 2212; x_wconf 83' lang='lat' dir='ltr'><strong>graciallungarie‚</strong></span> <span class='ocrx_word' id='word_1_51' title='bbox 852 2125 1024 2200; x_wconf 89' lang='lat' dir='ltr'><strong>Dalmacie‚</strong></span> <span class='ocrx_word' id='word_1_52' title='bbox 1046 2125 1192 2199; x_wconf 82' lang='lat' dir='ltr'><strong>Crcacie,</strong></span> <span class='ocrx_word' id='word_1_53' title='bbox 1214 2127 1320 2200; x_wconf 83' lang='lat' dir='ltr'><strong>Reme,</strong></span> 
     </span>
     <span class='ocr_line' id='line_1_12' title="bbox 289 2235 1319 2319; baseline -0.006 -15"><span class='ocrx_word' id='word_1_54' title='bbox 289 2241 418 2316; x_wconf 84' lang='lat' dir='ltr'><strong>Seruis,</strong></span> <span class='ocrx_word' id='word_1_55' title='bbox 447 2237 592 2314; x_wconf 87' lang='lat' dir='ltr'><strong>Gallicie‚</strong></span> <span class='ocrx_word' id='word_1_56' title='bbox 621 2235 809 2300; x_wconf 88' lang='lat' dir='ltr'><strong>Lodomerie</strong></span> <span class='ocrx_word' id='word_1_57' title='bbox 833 2236 1048 2319; x_wconf 86' lang='lat' dir='ltr'><strong>Cumanieque</strong></span> <span class='ocrx_word' id='word_1_58' title='bbox 1075 2257 1149 2310; x_wconf 84' lang='lat' dir='ltr'><strong>rex,</strong></span> <span class='ocrx_word' id='word_1_59' title='bbox 1176 2237 1319 2300; x_wconf 89' lang='lat' dir='ltr'><strong>omnibus</strong></span> 
     </span>
     <span class='ocr_line' id='line_1_13' title="bbox 290 2347 1321 2432; baseline -0.006 -16"><span class='ocrx_word' id='word_1_60' title='bbox 290 2353 404 2417; x_wconf 86' lang='lat' dir='ltr'><strong>Christi</strong></span> <span class='ocrx_word' id='word_1_61' title='bbox 417 2352 581 2426; x_wconf 87' lang='lat' dir='ltr'><strong>fidelibus,</strong></span> <span class='ocrx_word' id='word_1_62' title='bbox 611 2351 650 2414; x_wconf 88' lang='lat' dir='ltr'><strong>ad</strong></span> <span class='ocrx_word' id='word_1_63' title='bbox 666 2369 745 2432; x_wconf 90' lang='lat' dir='ltr'><strong>quos</strong></span> <span class='ocrx_word' id='word_1_64' title='bbox 759 2367 892 2432; x_wconf 85' lang='lat' dir='ltr'><strong>presens</strong></span> <span class='ocrx_word' id='word_1_65' title='bbox 907 2349 1055 2432; x_wconf 89' lang='lat' dir='ltr'><strong>scripturn</strong></span> <span class='ocrx_word' id='word_1_66' title='bbox 1070 2347 1251 2429; x_wconf 81' lang='lat' dir='ltr'><strong>perueniat,</strong></span> <span class='ocrx_word' id='word_1_67' title='bbox 1272 2369 1321 2412; x_wconf 91' lang='lat' dir='ltr'><strong>sa-</strong></span> 
     </span>
     <span class='ocr_line' id='line_1_14' title="bbox 289 2459 1321 2526; baseline -0.006 0"><span class='ocrx_word' id='word_1_68' title='bbox 289 2463 386 2526; x_wconf 88' lang='lat' dir='ltr'><strong>lutem</strong></span> <span class='ocrx_word' id='word_1_69' title='bbox 414 2463 446 2523; x_wconf 91' lang='lat' dir='ltr'><strong>in</strong></span> <span class='ocrx_word' id='word_1_70' title='bbox 473 2462 611 2524; x_wconf 89' lang='lat' dir='ltr'><strong>omnium</strong></span> <span class='ocrx_word' id='word_1_71' title='bbox 639 2460 807 2522; x_wconf 80' lang='lat' dir='ltr'><strong>saluatorc.</strong></span> <span class='ocrx_word' id='word_1_72' title='bbox 855 2461 921 2522; x_wconf 87' lang='lat' dir='ltr'><strong>Etsi</strong></span> <span class='ocrx_word' id='word_1_73' title='bbox 947 2461 1088 2522; x_wconf 88' lang='lat' dir='ltr'><strong>omnium</strong></span> <span class='ocrx_word' id='word_1_74' title='bbox 1114 2459 1321 2523; x_wconf 88' lang='lat' dir='ltr'><strong>ecclesiarum</strong></span> 
     </span>
     <span class='ocr_line' id='line_1_15' title="bbox 289 2570 1322 2652; baseline -0.002 -18"><span class='ocrx_word' id='word_1_75' title='bbox 289 2573 379 2652; x_wconf 75' lang='lat' dir='ltr'><strong>regni</strong></span> <span class='ocrx_word' id='word_1_76' title='bbox 403 2572 501 2634; x_wconf 87' lang='lat' dir='ltr'><strong>nostri</strong></span> <span class='ocrx_word' id='word_1_77' title='bbox 525 2570 685 2634; x_wconf 82' lang='lat' dir='ltr'><strong>libertates</strong></span> <span class='ocrx_word' id='word_1_78' title='bbox 711 2589 840 2634; x_wconf 87' lang='lat' dir='ltr'><strong>seruare</strong></span> <span class='ocrx_word' id='word_1_79' title='bbox 864 2578 1008 2634; x_wconf 86' lang='lat' dir='ltr'><strong>tenemur</strong></span> <span class='ocrx_word' id='word_1_80' title='bbox 1029 2590 1070 2633; x_wconf 81' lang='lat' dir='ltr'><strong>ex</strong></span> <span class='ocrx_word' id='word_1_81' title='bbox 1095 2571 1201 2632; x_wconf 89' lang='lat' dir='ltr'><strong>debito</strong></span> <span class='ocrx_word' id='word_1_82' title='bbox 1223 2571 1322 2632; x_wconf 91' lang='lat' dir='ltr'><strong>nostri</strong></span> 
     </span>
     <span class='ocr_line' id='line_1_16' title="bbox 290 2677 1322 2762; baseline -0.001 -19"><span class='ocrx_word' id='word_1_83' title='bbox 290 2679 452 2762; x_wconf 78' lang='lat' dir='ltr'><strong>regiminis</strong></span> <span class='ocrx_word' id='word_1_84' title='bbox 476 2677 626 2753; x_wconf 88' lang='lat' dir='ltr'><strong>illibatas,</strong></span> <span class='ocrx_word' id='word_1_85' title='bbox 651 2679 797 2742; x_wconf 88' lang='lat' dir='ltr'><strong>uberiore</strong></span> <span class='ocrx_word' id='word_1_86' title='bbox 823 2689 928 2742; x_wconf 89' lang='lat' dir='ltr'><strong>tamen</strong></span> <span class='ocrx_word' id='word_1_87' title='bbox 953 2681 1074 2744; x_wconf 89' lang='lat' dir='ltr'><strong>cautele</strong></span> <span class='ocrx_word' id='word_1_88' title='bbox 1100 2681 1239 2762; x_wconf 89' lang='lat' dir='ltr'><strong>presidio</strong></span> <span class='ocrx_word' id='word_1_89' title='bbox 1261 2680 1322 2742; x_wconf 89' lang='lat' dir='ltr'><strong>illis</strong></span> 
     </span>
     <span class='ocr_line' id='line_1_17' title="bbox 291 2789 1326 2872; baseline -0.002 -20"><span class='ocrx_word' id='word_1_90' title='bbox 291 2791 442 2852; x_wconf 87' lang='lat' dir='ltr'><strong>debemus</strong></span> <span class='ocrx_word' id='word_1_91' title='bbox 459 2791 588 2863; x_wconf 88' lang='lat' dir='ltr'><strong>adesse,</strong></span> <span class='ocrx_word' id='word_1_92' title='bbox 610 2810 672 2872; x_wconf 90' lang='lat' dir='ltr'><strong>quc</strong></span> <span class='ocrx_word' id='word_1_93' title='bbox 688 2799 720 2852; x_wconf 88' lang='lat' dir='ltr'><strong>et</strong></span> <span class='ocrx_word' id='word_1_94' title='bbox 733 2791 937 2872; x_wconf 83' lang='lat' dir='ltr'><strong>prerogatiuo</strong></span> <span class='ocrx_word' id='word_1_95' title='bbox 956 2791 1106 2852; x_wconf 87' lang='lat' dir='ltr'><strong>libertatis</strong></span> <span class='ocrx_word' id='word_1_96' title='bbox 1123 2799 1154 2852; x_wconf 89' lang='lat' dir='ltr'><strong>et</strong></span> <span class='ocrx_word' id='word_1_97' title='bbox 1168 2789 1326 2852; x_wconf 86' lang='lat' dir='ltr'><strong>excellen-</strong></span> 
     </span>
     <span class='ocr_line' id='line_1_18' title="bbox 290 2900 1323 2984; baseline -0.003 -19"><span class='ocrx_word' id='word_1_98' title='bbox 290 2902 337 2965; x_wconf 87' lang='lat' dir='ltr'><strong>cia</strong></span> <span class='ocrx_word' id='word_1_99' title='bbox 360 2901 440 2964; x_wconf 90' lang='lat' dir='ltr'><strong>tituli</strong></span> <span class='ocrx_word' id='word_1_100' title='bbox 460 2901 529 2982; x_wconf 91' lang='lat' dir='ltr'><strong>plus</strong></span> <span class='ocrx_word' id='word_1_101' title='bbox 546 2903 659 2964; x_wconf 91' lang='lat' dir='ltr'><strong>ceteris</strong></span> <span class='ocrx_word' id='word_1_102' title='bbox 676 2901 857 2984; x_wconf 78' lang='lat' dir='ltr'><strong>glorientur.</strong></span> <span class='ocrx_word' id='word_1_103' title='bbox 887 2900 1019 2984; x_wconf 86' lang='lat' dir='ltr'><strong>proinde</strong></span> <span class='ocrx_word' id='word_1_104' title='bbox 1035 2902 1074 2963; x_wconf 92' lang='lat' dir='ltr'><strong>ad</strong></span> <span class='ocrx_word' id='word_1_105' title='bbox 1090 2901 1323 2976; x_wconf 88' lang='lat' dir='ltr'><strong>uniuersorum,</strong></span> 
     </span>
     <span class='ocr_line' id='line_1_19' title="bbox 289 3013 1324 3094; baseline -0.002 -16"><span class='ocrx_word' id='word_1_106' title='bbox 289 3022 354 3078; x_wconf 84' lang='lat' dir='ltr'><strong>tam</strong></span> <span class='ocrx_word' id='word_1_107' title='bbox 377 3014 573 3094; x_wconf 86' lang='lat' dir='ltr'><strong>presencium</strong></span> <span class='ocrx_word' id='word_1_108' title='bbox 594 3033 689 3094; x_wconf 90' lang='lat' dir='ltr'><strong>quam</strong></span> <span class='ocrx_word' id='word_1_109' title='bbox 713 3021 910 3094; x_wconf 88' lang='lat' dir='ltr'><strong>posterorum</strong></span> <span class='ocrx_word' id='word_1_110' title='bbox 935 3013 1082 3076; x_wconf 83' lang='lat' dir='ltr'><strong>noticiam</strong></span> <span class='ocrx_word' id='word_1_111' title='bbox 1104 3013 1219 3084; x_wconf 90' lang='lat' dir='ltr'><strong>harum</strong></span> <span class='ocrx_word' id='word_1_112' title='bbox 1241 3015 1324 3076; x_wconf 88' lang='lat' dir='ltr'><strong>serie</strong></span> 
     </span>
     <span class='ocr_line' id='line_1_20' title="bbox 289 3122 1325 3205; baseline -0.001 -20"><span class='ocrx_word' id='word_1_113' title='bbox 289 3123 436 3186; x_wconf 87' lang='lat' dir='ltr'><strong>uolumus</strong></span> <span class='ocrx_word' id='word_1_114' title='bbox 456 3122 640 3204; x_wconf 89' lang='lat' dir='ltr'><strong>peruenire,</strong></span> <span class='ocrx_word' id='word_1_115' title='bbox 663 3124 747 3202; x_wconf 82' lang='lat' dir='ltr'><strong>qnod</strong></span> <span class='ocrx_word' id='word_1_116' title='bbox 770 3141 841 3184; x_wconf 90' lang='lat' dir='ltr'><strong>curn</strong></span> <span class='ocrx_word' id='word_1_117' title='bbox 862 3123 1012 3185; x_wconf 90' lang='lat' dir='ltr'><strong>uniuerse</strong></span> <span class='ocrx_word' id='word_1_118' title='bbox 1031 3125 1121 3205; x_wconf 82' lang='lat' dir='ltr'><strong>regni</strong></span> <span class='ocrx_word' id='word_1_119' title='bbox 1134 3123 1269 3186; x_wconf 84' lang='lat' dir='ltr'><strong>ecclesie</strong></span> <span class='ocrx_word' id='word_1_120' title='bbox 1284 3143 1325 3184; x_wconf 87' lang='lat' dir='ltr'><strong>ex</strong></span> 
     </span>
     <span class='ocr_line' id='line_1_21' title="bbox 291 3232 1325 3316; baseline 0.002 -22"><span class='ocrx_word' id='word_1_121' title='bbox 291 3233 430 3316; x_wconf 80' lang='lat' dir='ltr'><strong>generali</strong></span> <span class='ocrx_word' id='word_1_122' title='bbox 450 3232 631 3294; x_wconf 82' lang='lat' dir='ltr'><strong>subusticne</strong></span> <span class='ocrx_word' id='word_1_123' title='bbox 648 3233 807 3295; x_wconf 91' lang='lat' dir='ltr'><strong>Tartarice</strong></span> <span class='ocrx_word' id='word_1_124' title='bbox 831 3233 973 3296; x_wconf 89' lang='lat' dir='ltr'><strong>nacionis</strong></span> <span class='ocrx_word' id='word_1_125' title='bbox 988 3235 1068 3296; x_wconf 88' lang='lat' dir='ltr'><strong>adeo</strong></span> <span class='ocrx_word' id='word_1_126' title='bbox 1084 3234 1267 3315; x_wconf 87' lang='lat' dir='ltr'><strong>periissent,</strong></span> <span class='ocrx_word' id='word_1_127' title='bbox 1290 3242 1325 3296; x_wconf 92' lang='lat' dir='ltr'><strong>ut</strong></span> 
     </span>
     <span class='ocr_line' id='line_1_22' title="bbox 291 3341 1324 3426; baseline 0.003 -24"><span class='ocrx_word' id='word_1_128' title='bbox 291 3362 373 3424; x_wconf 89' lang='lat' dir='ltr'><strong>pene</strong></span> <span class='ocrx_word' id='word_1_129' title='bbox 396 3342 522 3422; x_wconf 88' lang='lat' dir='ltr'><strong>penitus</strong></span> <span class='ocrx_word' id='word_1_130' title='bbox 544 3341 699 3414; x_wconf 84' lang='lat' dir='ltr'><strong>desolate,</strong></span> <span class='ocrx_word' id='word_1_131' title='bbox 728 3350 759 3402; x_wconf 92' lang='lat' dir='ltr'><strong>et</strong></span> <span class='ocrx_word' id='word_1_132' title='bbox 779 3343 885 3422; x_wconf 90' lang='lat' dir='ltr'><strong>plures</strong></span> <span class='ocrx_word' id='word_1_133' title='bbox 909 3363 1015 3406; x_wconf 89' lang='lat' dir='ltr'><strong>earum</strong></span> <span class='ocrx_word' id='word_1_134' title='bbox 1035 3346 1246 3426; x_wconf 90' lang='lat' dir='ltr'><strong>suppeditatc,</strong></span> <span class='ocrx_word' id='word_1_135' title='bbox 1273 3364 1324 3406; x_wconf 90' lang='lat' dir='ltr'><strong>re-</strong></span> 
     </span>
     <span class='ocr_line' id='line_1_23' title="bbox 291 3449 1324 3537; baseline 0.002 -23"><span class='ocrx_word' id='word_1_136' title='bbox 291 3471 421 3533; x_wconf 83' lang='lat' dir='ltr'><strong>surgere</strong></span> <span class='ocrx_word' id='word_1_137' title='bbox 434 3451 467 3512; x_wconf 92' lang='lat' dir='ltr'><strong>in</strong></span> <span class='ocrx_word' id='word_1_138' title='bbox 480 3449 597 3512; x_wconf 92' lang='lat' dir='ltr'><strong>iuribus</strong></span> <span class='ocrx_word' id='word_1_139' title='bbox 612 3451 818 3534; x_wconf 78' lang='lat' dir='ltr'><strong>spiritualium</strong></span> <span class='ocrx_word' id='word_1_140' title='bbox 834 3461 865 3515; x_wconf 90' lang='lat' dir='ltr'><strong>et</strong></span> <span class='ocrx_word' id='word_1_141' title='bbox 878 3455 1096 3535; x_wconf 88' lang='lat' dir='ltr'><strong>temporalium</strong></span> <span class='ocrx_word' id='word_1_142' title='bbox 1105 3501 1113 3530; x_wconf 89' lang='lat'><strong><em>,</em></strong></span> <span class='ocrx_word' id='word_1_143' title='bbox 1135 3456 1251 3537; x_wconf 91' lang='lat' dir='ltr'><strong>quibus</strong></span> <span class='ocrx_word' id='word_1_144' title='bbox 1266 3456 1324 3517; x_wconf 91' lang='lat' dir='ltr'><strong>ali-</strong></span> 
     </span>
     <span class='ocr_line' id='line_1_24' title="bbox 292 3559 1322 3642; baseline 0.006 -20"><span class='ocrx_word' id='word_1_145' title='bbox 292 3561 419 3642; x_wconf 88' lang='lat' dir='ltr'><strong>quando</strong></span> <span class='ocrx_word' id='word_1_146' title='bbox 441 3559 548 3641; x_wconf 80' lang='lat' dir='ltr'><strong>gauise</strong></span> <span class='ocrx_word' id='word_1_147' title='bbox 563 3559 689 3622; x_wconf 86' lang='lat' dir='ltr'><strong>fuerant</strong></span> <span class='ocrx_word' id='word_1_148' title='bbox 701 3581 792 3635; x_wconf 88' lang='lat' dir='ltr'><strong>‚non</strong></span> <span class='ocrx_word' id='word_1_149' title='bbox 807 3562 964 3638; x_wconf 88' lang='lat' dir='ltr'><strong>ualerent,</strong></span> <span class='ocrx_word' id='word_1_150' title='bbox 987 3585 1044 3627; x_wconf 90' lang='lat' dir='ltr'><strong>nos</strong></span> <span class='ocrx_word' id='word_1_151' title='bbox 1059 3567 1140 3628; x_wconf 90' lang='lat' dir='ltr'><strong>circa</strong></span> <span class='ocrx_word' id='word_1_152' title='bbox 1154 3566 1322 3629; x_wconf 81' lang='lat' dir='ltr'><strong>Albensem</strong></span> 
     </span>
     <span class='ocr_line' id='line_1_25' title="bbox 292 3655 1322 3758; baseline 0.006 -26"><span class='ocrx_word' id='word_1_153' title='bbox 292 3671 457 3732; x_wconf 89' lang='lat' dir='ltr'><strong>ecclesiam</strong></span> <span class='ocrx_word' id='word_1_154' title='bbox 476 3670 603 3744; x_wconf 85' lang='lat' dir='ltr'><strong>intenti,</strong></span> <span class='ocrx_word' id='word_1_155' title='bbox 624 3691 688 3734; x_wconf 90' lang='lat' dir='ltr'><strong>non</strong></span> <span class='ocrx_word' id='word_1_156' title='bbox 707 3673 883 3748; x_wconf 86' lang='lat' dir='ltr'><strong>immerito,</strong></span> <span class='ocrx_word' id='word_1_157' title='bbox 904 3655 1012 3756; x_wconf 85' lang='lat' dir='ltr'><strong>utpote</strong></span> <span class='ocrx_word' id='word_1_158' title='bbox 1032 3677 1085 3737; x_wconf 87' lang='lat' dir='ltr'><strong>ubi</strong></span> <span class='ocrx_word' id='word_1_159' title='bbox 1104 3675 1218 3738; x_wconf 90' lang='lat' dir='ltr'><strong>solium</strong></span> <span class='ocrx_word' id='word_1_160' title='bbox 1233 3679 1322 3758; x_wconf 81' lang='lat' dir='ltr'><strong>regni</strong></span> 
     </span>
     <span class='ocr_line' id='line_1_26' title="bbox 293 3784 1321 3868; baseline 0.007 -27"><span class='ocrx_word' id='word_1_161' title='bbox 293 3787 324 3841; x_wconf 87' lang='lat' dir='ltr'><strong>ct</strong></span> <span class='ocrx_word' id='word_1_162' title='bbox 338 3797 455 3840; x_wconf 86' lang='lat' dir='ltr'><strong>corona</strong></span> <span class='ocrx_word' id='word_1_163' title='bbox 468 3787 682 3854; x_wconf 83' lang='lat' dir='ltr'><strong>conseruntur,</strong></span> <span class='ocrx_word' id='word_1_164' title='bbox 705 3789 736 3844; x_wconf 86' lang='lat' dir='ltr'><strong>et</strong></span> <span class='ocrx_word' id='word_1_165' title='bbox 752 3784 806 3844; x_wconf 90' lang='lat' dir='ltr'><strong>ubi</strong></span> <span class='ocrx_word' id='word_1_166' title='bbox 820 3804 912 3866; x_wconf 80' lang='lat' dir='ltr'><strong>reges</strong></span> <span class='ocrx_word' id='word_1_167' title='bbox 926 3785 1088 3868; x_wconf 82' lang='lat' dir='ltr'><strong>Hungarie</strong></span> <span class='ocrx_word' id='word_1_168' title='bbox 1103 3807 1194 3850; x_wconf 88' lang='lat' dir='ltr'><strong>sacro</strong></span> <span class='ocrx_word' id='word_1_169' title='bbox 1210 3807 1321 3850; x_wconf 88' lang='lat' dir='ltr'><strong>conse-</strong></span> 
     </span>
     <span class='ocr_line' id='line_1_27' title="bbox 292 3888 1322 3974; baseline 0.008 -24"><span class='ocrx_word' id='word_1_170' title='bbox 292 3888 444 3951; x_wconf 91' lang='lat' dir='ltr'><strong>cracionis</strong></span> <span class='ocrx_word' id='word_1_171' title='bbox 458 3909 588 3954; x_wconf 86' lang='lat' dir='ltr'><strong>munere</strong></span> <span class='ocrx_word' id='word_1_172' title='bbox 603 3899 828 3974; x_wconf 78' lang='lat' dir='ltr'><strong>perunguntur,</strong></span> <span class='ocrx_word' id='word_1_173' title='bbox 849 3894 904 3956; x_wconf 91' lang='lat' dir='ltr'><strong>ubi</strong></span> <span class='ocrx_word' id='word_1_174' title='bbox 921 3901 1101 3958; x_wconf 88' lang='lat' dir='ltr'><strong>nostrorum</strong></span> <span class='ocrx_word' id='word_1_175' title='bbox 1119 3899 1219 3960; x_wconf 85' lang='lat' dir='ltr'><strong>eciam</strong></span> <span class='ocrx_word' id='word_1_176' title='bbox 1234 3905 1322 3960; x_wconf 88' lang='lat' dir='ltr'><strong>ante·</strong></span> 
     </span>
     <span class='ocr_line' id='line_1_28' title="bbox 292 3989 1321 4089; baseline 0.009 -27"><span class='ocrx_word' id='word_1_177' title='bbox 292 3991 454 4062; x_wconf 80' lang='lat' dir='ltr'><strong>cessurum</strong></span> <span class='ocrx_word' id='word_1_178' title='bbox 474 4018 563 4063; x_wconf 88' lang='lat' dir='ltr'><strong>sacra</strong></span> <span class='ocrx_word' id='word_1_179' title='bbox 578 4019 710 4082; x_wconf 88' lang='lat' dir='ltr'><strong>corpora</strong></span> <span class='ocrx_word' id='word_1_180' title='bbox 729 4003 947 4086; x_wconf 59' lang='lat' dir='ltr'><strong>requiescum</strong></span> <span class='ocrx_word' id='word_1_181' title='bbox 967 4005 1067 4088; x_wconf 89' lang='lat' dir='ltr'><strong>ipsius</strong></span> <span class='ocrx_word' id='word_1_182' title='bbox 1082 3989 1248 4089; x_wconf 83' lang='lat' dir='ltr'><strong>dispendio</strong></span> <span class='ocrx_word' id='word_1_183' title='bbox 1270 4027 1321 4070; x_wconf 93' lang='lat' dir='ltr'><strong>ca-</strong></span> 
     </span>
     <span class='ocr_line' id='line_1_29' title="bbox 291 4112 1321 4204; baseline 0.008 -31"><span class='ocrx_word' id='word_1_184' title='bbox 291 4129 369 4175; x_wconf 88' lang='lat' dir='ltr'><strong>uere</strong></span> <span class='ocrx_word' id='word_1_185' title='bbox 387 4119 541 4186; x_wconf 89' lang='lat' dir='ltr'><strong>tenemur,</strong></span> <span class='ocrx_word' id='word_1_186' title='bbox 561 4131 601 4174; x_wconf 88' lang='lat' dir='ltr'><strong>ne</strong></span> <span class='ocrx_word' id='word_1_187' title='bbox 622 4112 655 4174; x_wconf 91' lang='lat' dir='ltr'><strong>in</strong></span> <span class='ocrx_word' id='word_1_188' title='bbox 675 4114 880 4192; x_wconf 88' lang='lat' dir='ltr'><strong>libertatibus,</strong></span> <span class='ocrx_word' id='word_1_189' title='bbox 902 4117 1016 4200; x_wconf 87' lang='lat' dir='ltr'><strong>quibus</strong></span> <span class='ocrx_word' id='word_1_190' title='bbox 1039 4139 1078 4181; x_wconf 81' lang='lat' dir='ltr'><strong>en</strong></span> <span class='ocrx_word' id='word_1_191' title='bbox 1098 4119 1234 4202; x_wconf 87' lang='lat' dir='ltr'><strong>antiquis</strong></span> <span class='ocrx_word' id='word_1_192' title='bbox 1248 4139 1321 4204; x_wconf 91' lang='lat' dir='ltr'><strong>pro-</strong></span> 
     </span>
     <span class='ocr_line' id='line_1_30' title="bbox 289 4211 1322 4320; baseline 0.011 -35"><span class='ocrx_word' id='word_1_193' title='bbox 289 4219 468 4320; x_wconf 64' lang='lat' dir='ltr'><strong>genitorum</strong></span> <span class='ocrx_word' id='word_1_194' title='bbox 487 4227 665 4290; x_wconf 84' lang='lat' dir='ltr'><strong>nostrorum</strong></span> <span class='ocrx_word' id='word_1_195' title='bbox 685 4211 964 4294; x_wconf 80' lang='lat' dir='ltr'><strong>constitucicnibus</strong></span> <span class='ocrx_word' id='word_1_196' title='bbox 985 4227 1138 4298; x_wconf 87' lang='lat' dir='ltr'><strong>hacteuus</strong></span> <span class='ocrx_word' id='word_1_197' title='bbox 1152 4227 1322 4298; x_wconf 82' lang='lat' dir='ltr'><strong>inuiolabi-</strong></span> 
     </span>
    </p>
   </div>
   <div class='ocr_carea' id='block_1_8' title="bbox 0 0 1466 4754">
    <p class='ocr_par' dir='ltr' id='par_1_8' title="bbox 0 0 1466 4754">
     <span class='ocr_line' id='line_1_31' title="bbox 0 0 1466 4754; baseline 0 0"><span class='ocrx_word' id='word_1_198' title='bbox 0 0 1466 4754; x_wconf 95' lang='lat' dir='ltr'><strong> </strong></span> 
     </span>
    </p>
   </div>
  </div>
 </body>
</html>
