2924 4758
470 1101 696 1188 alcmund
731 1101 972 1188 caltulum
1005 1101 1127 1188 utcu
1227 1171 1231 1178 .

583 1282 623 1326 Ab
644 1281 776 1326 subulco
800 1281 1009 1326 contemnunt.

280 1431 303 1484 E
325 1431 415 1486 coaice
433 1432 571 1485 chartaceo
589 1432 679 1484 seculi
696 1433 755 1486 XV.
776 1431 938 1486 bibliothece
955 1433 1076 1504 palatine
1091 1431 1316 1490 Vindoboncnsis.

673 1587 919 1602 m

360 1723 419 1785 Dei
435 1723 536 1805 gracia
551 1721 705 1804 Seraphin
727 1719 945 1803 archipresuli,
969 1721 1145 1786 diuinarum
1159 1721 1232 1806 igne
1246 1723 1313 1785 uir-

250 1877 252 1882 ·
279 1842 380 1898 tutum
397 1835 534 1908 ardenti,
556 1833 699 1896 albricus
715 1835 858 1917 quamuis
873 1852 955 1897 unus
971 1855 1011 1896 ex
1025 1835 1176 1909 minimis,
1204 1843 1312 1898 tamen

279 1965 392 2009 seruus
412 1943 584 2008 sanctitatis
606 1953 806 2028 nuncupatus
827 1946 860 2007 in
880 1945 1002 2028 palacio
1025 1946 1148 2010 celestis
1170 1953 1313 2010 contem·

281 2056 442 2140 placiouis.

363 2169 518 2246 Quoniam
532 2167 679 2232 fiduciam
699 2167 794 2231 talem
811 2169 964 2232 babemus
978 2189 1036 2252 per
1050 2169 1224 2246 Christum,
1245 2191 1310 2234 non

280 2282 365 2365 quod
380 2280 573 2344 sufficientes
587 2281 683 2343 simus
699 2281 836 2362 cogitare
852 2281 971 2365 aliquid
983 2282 1072 2364 quasi
1085 2301 1124 2344 cx
1138 2283 1239 2358 nobis,
1253 2284 1310 2346 sed

278 2393 471 2457 sufficiencia
486 2401 594 2457 nostra
609 2413 649 2455 eu
663 2391 724 2455 deo
740 2401 804 2457 cst:
824 2413 897 2456 cum
912 2389 1081 2476 spiritualis
1096 2395 1201 2476 gracia
1214 2394 1312 2476 inspi-

278 2505 411 2568 raciouis
426 2513 563 2568 mentem
578 2511 664 2568 tuam
680 2503 805 2568 celestis
820 2503 981 2588 sapiencie
995 2505 1142 2568 thesauro
1154 2505 1310 2581 ditauerit,

279 2623 310 2680 et
324 2613 561 2699 quamplurimis
577 2615 708 2678 exsertis
725 2633 760 2678 ac
776 2613 954 2680 didascalici
974 2616 1078 2680 meriti
1098 2615 1175 2680 uiris
1190 2617 1309 2681 lucidas

280 2729 477 2791 contubernii
498 2729 542 2791 tui
565 2727 722 2804 officinas,
745 2730 835 2812 quasi
849 2729 979 2792 totidem
994 2729 1126 2812 gemmis
1141 2731 1311 2806 oruauerit,

280 2849 334 2906 aut
355 2841 446 2924 parui
468 2840 618 2925 ingenioli
639 2843 702 2904 mei
723 2839 909 2904 reformidat
931 2841 1099 2917 rusticitas,
1121 2843 1196 2906 dum
1211 2863 1262 2906 me
1277 2851 1311 2906 ut

277 2953 321 3015 ita
346 2953 445 3015 dicam
468 2953 626 3036 elinguem
649 2972 686 3015 ac
708 2971 790 3034 pene
809 2953 912 3016 tocius
931 2953 1114 3016 urbanitatis
1135 2959 1310 3028 exsortem,

277 3065 385 3127 iubeas
410 3083 429 3126 o
450 3063 557 3146 presul
587 3064 739 3146 regalium
758 3061 900 3126 instituta
922 3063 1130 3128 collacionum
1151 3063 1311 3142 recolere,

277 3175 330 3238 uel
353 3176 513 3239 senatoria
535 3175 625 3258 regni
649 3175 750 3238 tocius
775 3175 917 3250 decreta,
949 3175 1038 3258 quasi
1063 3175 1310 3239 ieiunelascente

278 3287 434 3350 oracionis
448 3293 555 3351 nostre
569 3285 789 3368 recapitulare.
811 3305 916 3370 neque
932 3286 1016 3348 euim
1028 3287 1068 3348 ad
1082 3288 1169 3369 regia
1180 3287 1312 3351 consilia
1413 3357 1417 3364 ,

278 3417 328 3462 me
354 3397 547 3460 consultricis
575 3395 747 3480 prudencie
769 3397 887 3459 inculta
906 3397 1054 3480 prouehit
1074 3399 1230 3472 materies,
1251 3417 1311 3462 uec
1389 3387 1403 3402 ’

277 3510 381 3575 tenuis
402 3509 449 3571 rei
468 3527 526 3590 pro
541 3509 661 3572 loribus
676 3516 810 3573 stantem
829 3509 1006 3572 intromittit
1025 3511 1174 3592 despecta
1191 3531 1311 3593 paupe-

277 3623 351 3685 ries·
372 3622 446 3704 quia
460 3641 538 3684 uero
555 3621 740 3684 obediencie
757 3621 838 3705 eligo
851 3621 949 3705 magis
962 3641 1091 3704 operam
1103 3624 1193 3696 dare,
1215 3643 1310 3706 quam

278 3733 396 3797 caritati
412 3735 515 3796 omnia
530 3735 669 3816 speranti
684 3735 804 3818 aliquid
819 3735 992 3816 denegare,
1013 3735 1097 3795 malo
1113 3733 1213 3796 eciam
1229 3735 1311 3798 ultra

277 3845 363 3908 uires
378 3847 596 3928 obtemperare
615 3867 815 3929 presumere,
835 3864 932 3927 quam
947 3853 1167 3928 presumtuose
1182 3847 1309 3911 minime

278 3957 508 4040 obtemperare.
530 3959 673 4042 quamuis
694 3959 776 4020 enim
799 3955 961 4040 impericia
981 3957 1077 4020 michi
1092 3959 1230 4022 dictandi
1246 3979 1311 4022 non
1340 4037 1343 4046 k

277 4078 395 4153 prestat
415 4069 612 4144 facundiam,
634 4070 746 4133 caritas
768 4076 873 4134 tamen
888 4069 1107 4133 obedienciam
1125 4091 1190 4134 uon
1204 4079 1312 4154 negat.

278 4203 372 4266 porro
386 4203 447 4247 uec
460 4183 495 4244 iu
508 4184 570 4244 hoc
582 4201 678 4264 opere
693 4183 813 4265 proprii
826 4181 945 4246 arbitrii
959 4182 1096 4265 uestigia
1109 4182 1183 4264 figo,
1197 4203 1311 4246 uerum

275 4297 393 4382 prcuiis
415 4292 509 4360 alieni
530 4293 650 4357 itineris
673 4294 793 4358 nisibus
817 4293 937 4360 insisto.
973 4295 1014 4358 ob
1040 4313 1135 4377 quam
1159 4295 1311 4360 uidelicet
