2904 4754
286 403 348 474 ibt
410 421 605 474 mossur.
625 421 716 472 mers
737 419 887 470 remorsa
907 416 1061 470 senesce.
1101 405 1196 473 titt«

371 582 431 656 (o)
450 580 661 644 concessimus
674 578 775 645 edam
795 577 908 644 iisdem
927 576 1059 642 liberm
1073 578 1205 644 licencie
1219 579 1311 643 tacut-

288 700 384 759 tatem
398 692 578 754 sacerdotes
592 709 799 773 quoscunque
815 689 1015 752 decreuerint
1032 690 1065 752 in
1079 709 1153 752 suas
1168 692 1312 754 ecclesias

289 803 442 886 &pendi
463 802 516 884 qui
532 801 572 864 de
586 802 731 868 ubertate
750 807 857 862 nostre
879 799 983 880 grecie
1003 799 1111 864 liberis
1126 801 1254 863 decimis
1268 801 1313 864 ia·

289 915 379 998 gibrrs
410 913 603 996 temporibus
627 912 783 976 sacientur
806 911 845 972 od
872 911 1096 992 omnipotentis
1126 911 1257 992 gloriam
1285 921 1315 974 et

287 1026 454 1090 bonorem.

367 1137 431 1211 (7)
452 1135 598 1198 troiumus
613 1134 713 1204 eciam
725 1133 810 1217 quod
825 1133 928 1196 nutius
942 1133 1090 1197 comitum
1106 1153 1164 1215 pro
1175 1142 1314 1218 tempore

193 1243 200 1256 '
275 1239 543 1318 'constitutorum
568 1245 653 1326 ipsos
677 1253 785 1310 contra
814 1243 975 1308 libertates
1002 1245 1124 1306 eisdem
1151 1265 1313 1310 concessas

289 1357 456 1422 molestare
472 1357 587 1420 audeat
601 1356 651 1418 uei
665 1365 835 1438 presumat.

373 1467 433 1545 (8)
455 1469 585 1548 insuper
599 1467 638 1528 de
653 1468 856 1550 prerogatiua
875 1466 1023 1548 speciali,
1043 1469 1124 1530 banc
1138 1468 1217 1550 ipsis
1231 1469 1315 1532 dedi·
1429 1491 1431 1526 ;

289 1599 359 1644 mus
372 1579 567 1652 l'dsertatem‚
587 1579 673 1660 quod
693 1597 751 1660 per
764 1577 880 1640 uirilius
896 1579 1105 1652 condicionis,
1128 1587 1244 1653 status,
1265 1587 1314 1642 aut
1429 1573 1431 1652 J

290 1693 411 1758 ordinis
426 1691 587 1754 bominem
609 1691 730 1771 possint
751 1690 791 1752 ad
812 1689 912 1752 nostri
933 1691 1127 1771 presenciam
1144 1699 1233 1752 extra
1246 1711 1315 1774 pro·

289 1805 426 1867 uinciam
444 1803 571 1866 euocari
586 1803 637 1864 uel
652 1803 749 1876 citari,
764 1802 898 1892 mauriane
913 1801 986 1884 quia
999 1801 1144 1864 homines
1154 1811 1234 1866 suut
1246 1804 1314 1864 sim·

289 1916 402 2000 plicas,
424 1921 456 1977 et
476 1914 509 1976 iu
526 1915 594 1976 iure
614 1913 767 1976 nobilium
790 1921 951 1996 nequeunt
965 1915 1163 1988 conuersari,
1185 1915 1313 1998 agricul-

289 2027 368 2090 turis
383 2033 415 2090 et
427 2023 588 2088 laboribus
602 2025 730 2098 intenti,
752 2026 879 2108 proprio
892 2025 962 2086 iure
976 2033 1008 2088 et
1020 2025 1091 2106 lege
1105 2027 1235 2108 speciali
1250 2047 1314 2109 por-
1430 2067 1431 2070 =

290 2138 446 2206 fruuntur.

373 2252 432 2326 (9)
453 2269 566 2314 uerum
588 2269 698 2349 omnes
719 2267 812 2312 cause
834 2269 892 2332 pro
908 2250 1161 2331 possessionibus
1182 2258 1214 2312 et
1228 2247 1314 2316 here·
1429 2261 1431 2270 ’

290 2361 446 2436 ditatibus,
467 2359 790 2434 memorantibus,
811 2360 1009 2424 facultatibus
1025 2369 1057 2424 et
1070 2361 1242 2436 mortibus,
1264 2382 1314 2424 seu
1429 2399 1430 2406 κ

290 2473 531 2554 qrribuscunque
551 2471 685 2544 casibus,
706 2491 765 2552 per
779 2472 924 2534 comitem
939 2489 997 2552 pro
1015 2479 1156 2554 tempore
1171 2474 1315 2536 constitu-

289 2591 355 2648 tam
378 2591 410 2646 ot
430 2584 574 2646 comitem
588 2581 770 2663 prouincia,
791 2583 944 2646 terraneis
969 2583 1180 2646 mediantibus
1202 2584 1315 2647 iudicu-
1427 2599 1430 2642 τ

289 2695 416 2769 buntur,
444 2694 478 2756 in
502 2694 573 2756 loco
597 2694 744 2776 superius
768 2704 958 2767 memorato,
988 2696 1161 2760 secuudum
1185 2696 1313 2758 formam
1427 2713 1429 2724 ¹

289 2823 378 2870 rums.
420 2841 424 2850 -

372 2920 450 2995 (10)
472 2917 587 2981 deinde
602 2917 732 3001 singulis
747 2917 846 2990 annis,
864 2915 896 2978 in
911 2919 1005 2980 ramis
1021 2918 1195 2999 palmarum
1211 2939 1313 2982 mone-

172 3095 179 3103 ,
288 3039 354 3096 tem
368 3038 482 3094 vnostre
497 3049 620 3092 camere
643 3030 748 3111 regie,
770 3049 839 3092 cum
857 3030 942 3092 omui
955 3031 1143 3094 reuerenoia
1156 3032 1319 3113 suscipere.
1426 3037 1428 3098 ὲ

289 3143 496 3216 terrebuntur,
524 3149 556 3204 et
579 3139 762 3204 solemniter
783 3141 967 3222 permittere
991 3160 1119 3202 currere
1144 3143 1312 3204 secundum
1425 3221 1427 3234 ⁴

288 3253 354 3327 ius,
374 3254 532 3335 uigorem,
554 3259 586 3315 et
598 3250 722 3314 tucrum
737 3271 860 3314 camere
875 3252 962 3333 regie
981 3251 1139 3317 cambiare
1154 3253 1313 3316 uniuersa·
1425 3251 1427 3264 ⁴

287 3363 571 3434 licostenebunrur,
591 3361 634 3424 ita
649 3362 735 3442 quod
750 3379 856 3424 comes
871 3381 1010 3435 camere,
1028 3362 1081 3424 uel
1093 3361 1140 3426 sui
1156 3362 1311 3446 officiales,

290 3489 372 3555 quos
392 3473 431 3536 ad
451 3471 513 3534 boc
535 3471 746 3551 deputauerit,
768 3471 866 3534 altero
882 3469 1013 3536 dimidio
1026 3493 1152 3548 mense,
1173 3475 1242 3536 siue
1262 3493 1311 3536 sex

290 3581 496 3647 hebdomadis
511 3581 637 3662 plenam
650 3581 789 3647 habeant
803 3589 989 3663 potestatem
1009 3583 1204 3656 cambrensi,
1226 3585 1272 3646 ius
1286 3588 1312 3644 et

289 3694 411 3758 lucrum
426 3711 552 3758 camere
568 3692 798 3774 prosequendi,
820 3693 860 3755 de
874 3693 1014 3772 qualibet
1026 3713 1148 3768 marea,
1168 3695 1202 3758 iu
1216 3696 1311 3758 cuius·

290 3804 367 3869 libet
378 3803 439 3868 tori
451 3802 505 3866 uel
522 3803 695 3885 empcionis
707 3802 797 3866 titulo
812 3804 966 3885 recipient
980 3823 1077 3866 unum
1091 3805 1227 3886 pondus.

345 3946 359 3992 ῃ
373 3916 454 3991 (11)
475 3914 621 3978 uolumus
646 3915 747 3980 eciam
767 3921 924 3980 monetam
951 3902 1058 3998 quinte
1079 3935 1150 3978 esse
1175 3916 1314 3981 combus-

294 4027 405 4101 tionis,
425 4025 513 4090 tiuito
529 4033 633 4090 autem
649 4034 869 4108 tempore-sex
882 4025 1153 4090 hebdomadarum
1168 4043 1312 4109 expresso

292 4138 454 4222 superius,
486 4137 617 4214 comites
641 4157 765 4204 camere
786 4145 918 4222 surgent
942 4139 982 4202 de
1007 4139 1145 4214 cambio,
1176 4147 1310 4203 cessante

293 4249 380 4314 omni
402 4249 512 4338 uigore
533 4249 733 4326 eorumdem,
758 4249 829 4336 ipsa
847 4256 973 4317 moneta
991 4249 1195 4315 nihilominus
1216 4255 1317 4316 curret
