2924 4758
255 395 317 466 372
460 419 638 466 eonomine
657 419 747 466 nnsis
768 419 831 466 mx
851 419 935 468 mni
955 417 1074 466 monis.

257 583 289 638 et
308 574 412 638 iudeis
429 595 497 638 rem
518 572 665 638 uenalem
688 581 787 649 emnt,
809 573 1008 656 eandemque
1030 593 1096 636 rem
1112 580 1144 637 et
1157 573 1300 638 nomina

255 687 381 750 testium
402 686 435 748 in
455 685 573 749 cartula
587 687 725 750 scribere
740 687 850 760 saciet,
872 697 902 750 et
917 686 1067 750 cartulam
1082 686 1167 749 iliam
1182 687 1296 770 sigilio

256 798 434 879 utriusque,
455 795 627 862 uenditoris
642 797 760 860 scincet
775 805 807 861 et
821 796 968 879 emptoris
984 806 1060 880 aput
1073 817 1108 861 se
1120 799 1294 870 custodiat,

256 915 291 970 nt
308 909 334 970 si
356 909 483 990 qnando
505 909 538 970 in
558 895 618 971 hoo
638 911 796 992 emptione
816 909 890 972 sorti
911 929 984 972 reus
1005 909 1110 991 aliquo
1126 917 1290 992 arguatur,

257 1019 418 1082 dominum
439 1020 485 1082 rei
506 1019 622 1084 furtiue
645 1042 707 1104 que
728 1029 804 1103 aput
821 1042 856 1084 se
879 1021 1042 1105 recognita
1063 1028 1121 1095 est,
1143 1029 1175 1084 et
1188 1028 1287 1084 testes

257 1130 491 1211 prenominatos
505 1131 659 1214 producet
674 1141 704 1196 ct
718 1129 879 1194 liberetur.

339 1243 394 1318 (5)
417 1242 449 1304 Si
471 1250 576 1306 antem
597 1243 757 1307 dominnm
774 1243 889 1308 iustine
909 1243 957 1307 rei
981 1251 1011 1306 et
1029 1243 1191 1326 recognito
1213 1263 1288 1324 pro-

257 1354 373 1418 ducere
396 1374 460 1415 non
482 1355 610 1433 poterit,
639 1356 788 1418 cartulam
809 1375 888 1420 uero
908 1355 1073 1438 sigillatam
1096 1354 1286 1428 ostenderit,

256 1465 434 1528 iuramento
450 1465 574 1526 testium
589 1465 808 1548 inscriptorum
824 1475 974 1550 purgatus
990 1466 1114 1529 euadat.

339 1578 397 1651 (6)
418 1575 452 1638 si
472 1585 575 1640 entem
597 1585 694 1641 testes
714 1578 899 1642 christianos
920 1597 986 1640 non
1007 1578 1167 1654 hebuerit,
1190 1585 1221 1641 et
1234 1579 1287 1640 Iu-

258 1689 336 1754 dens
357 1688 490 1751 idoneos
511 1689 705 1770 produxerit,
731 1697 763 1753 et
781 1689 959 1754 iuramento
980 1709 1090 1753 eornm
1112 1691 1286 1753 secundnm

256 1799 360 1882 legem
391 1801 558 1862 iudeorum
587 1809 738 1884 purgatus
766 1801 880 1875 fuerit,
913 1799 989 1864 furti
1017 1802 1285 1884 composicionem

257 1909 435 1994 quadruplo
450 1910 617 1993 persoluat.

340 2025 397 2099 (7)
419 2023 512 2097 Quod
537 2023 563 2086 si
588 2043 647 2086 nec
674 2022 836 2086 dominnm
858 2022 1019 2107 recognito
1044 2021 1091 2087 rei
1115 2023 1285 2098 inuenerit,

257 2153 317 2198 nec
337 2134 489 2198 cartulam
504 2133 671 2218 sigsslatam
692 2133 892 2218 produxerit,
913 2155 1001 2199 more
1017 2136 1118 2218 patrie
1133 2135 1285 2198 diiudica-

259 2254 317 2322 tus,
339 2247 605 2330 composicionem
619 2246 693 2310 surii
708 2247 878 2312 duodecies
893 2248 1064 2331 persoluat.
