3048 4760
385 453 646 506 consrmmmuns
666 455 804 506 sraouns
822 454 979 508 oronnam.
1022 442 1112 510 aare.
1200 441 1260 512 oet

234 617 372 682 debeant
392 617 505 678 domus
527 615 727 691 oracionem,
756 637 820 680 noa
841 617 991 698 spelunca
1010 619 1182 695 latronum,
1207 621 1262 686 uel

234 729 426 789 munimenta
446 727 638 806 predonum,
660 728 804 790 dolentes
825 729 1001 805 referimus,
1025 732 1261 814 quodquidam
1334 746 1337 756 ⁴

234 847 265 900 et
279 853 344 899 non
359 837 450 918 pauci
472 836 504 898 in
519 849 618 919 'regno
629 837 813 920 Hungarie,
834 847 865 902 et
880 841 971 902 terris
984 849 1092 904 nostre
1106 841 1262 923 legacioni

234 949 400 1023 subiectis,
422 948 519 1017 multa
536 951 740 1024 monasteria,
762 952 939 1034 multasque
956 953 1117 1027 ecclesias,
1139 969 1263 1036 posses·

234 1061 338 1124 sivones
361 1069 392 1123 et
411 1061 481 1122 iu'ra
502 1063 543 1124 ad
563 1062 648 1142 ipsas
669 1065 849 1143 spectancia
864 1071 1054 1145 occupasse,
1076 1065 1261 1146 plerumque

235 1187 273 1234 err
289 1173 335 1235 eis
348 1171 561 1234 incastellasse
577 1173 733 1247 dicuntur,
752 1181 786 1236 et
802 1195 872 1236 cum
886 1176 963 1256 ipsis
979 1177 1119 1238 ecclesiis
1142 1183 1174 1238 et
1192 1193 1263 1238 mo·

233 1283 384 1345 nasleriis·
402 1285 443 1344 ad
468 1283 593 1345 laudem
616 1284 669 1345 dei
693 1285 845 1347 'continua
871 1287 1025 1348 debentur
1051 1286 1263 1350 ecclesiastica

236 1395 337 1458 offici-a
353 1395 524 1471 celebrari,
547 1403 578 1457 et
598 1416 655 1478 pro
671 1397 833 1459 animabus
851 1404 917 1459 tarn
933 1398 1153 1460 defunctorum
1169 1417 1263 1480 quam

232 1509 379 1570 uiuorum
391 1509 506 1570 deuote
522 1527 631 1588 preces
647 1515 679 1570 ct
690 1509 855 1572 oraciones
868 1511 994 1583 deferri,
1008 1511 1039 1571 in
1055 1511 1129 1592 ipsis
1140 1511 1263 1592 tyranni

235 1623 378 1699 raptores
393 1618 533 1680 habitant
548 1628 579 1680 et
592 1620 761 1699 predones,
783 1620 892 1701 rapine
909 1621 1264 1704 spoliaquerecondun

235 1739 286 1794 tur
306 1739 337 1794 et
347 1733 465 1812 prede,
489 1739 519 1794 et
534 1733 619 1812 quod
640 1733 733 1793 ualde
755 1732 949 1796 horrendum
970 1742 1017 1796 est
1038 1733 1107 1796 loca
1121 1735 1190 1815 ipsa
1202 1735 1262 1796 deo

236 1831 380 1906 dedicata
409 1853 440 1904 et
463 1843 657 1905 sanctificata
684 1843 870 1925 frequenter
885 1845 1031 1908 ‘humano
1056 1847 1209 1928 sanguine
1233 1852 1266 1908 et

235 1955 353 2016 semine
377 1954 569 2034 polluuntur.
608 1973 681 2017 cum
704 1963 808 2018 autem
831 1963 863 2018 et
883 1963 1038 2038 quesunt
1057 1957 1132 2019 iuris
1157 1957 1263 2019 diuine

234 2064 321 2150 nullo
336 2066 430 2126 modo
443 2061 559 2126 debent
574 2066 613 2126 ad
628 2065 782 2128 humanos
794 2087 869 2128 usus
882 2067 1035 2141 conuerti,
1050 2069 1185 2130 maxime
1200 2075 1264 2130 tam

236 2175 436 2238 detestabiles
452 2183 483 2237 et
505 2175 701 2256 proph-anos,
723 2196 780 2238 nos
797 2174 882 2237 nulla
895 2177 1021 2238 racione
1037 2176 1182 2240 uolentes
1195 2184 1264 2238 tan-

234 2295 297 2348 tam
311 2285 508 2368 iniquitatem
523 2295 553 2348 et
568 2288 806 2368 peruersitatem
822 2286 1062 2350 concinentibus
1079 2289 1177 2352 oculis
1193 2299 1265 2371 per-

235 2399 381 2473 transire,
402 2418 512 2460 omnes
529 2407 560 2462 et
574 2399 723 2480 singulos,
747 2400 963 2482 cuiuscunque
979 2401 1188 2475 excellencie,
1209 2419 1267 2464 no-

236 2509 372 2584 bilitatis,
394 2519 507 2585 status,
524 2519 576 2572 aut
591 2510 796 2585 condicionis,
814 2511 869 2594 qui
885 2511 1043 2587 ecclesias,
1064 2513 1266 2588 monasteria,

237 2627 290 2683 aut
304 2623 388 2684 bona
401 2623 454 2684 uel
469 2623 537 2684 iura
552 2623 691 2704 ipsorum
706 2631 859 2704 occupata
874 2625 1022 2698 detinent,
1038 2632 1090 2686 ant
1105 2625 1143 2686 de
1159 2631 1264 2687 cetero

235 2735 405 2808 intradere,
423 2735 639 2808 incastellare,
661 2751 718 2796 sen
734 2737 835 2798 eciam
850 2755 1005 2818 occupare
1026 2738 1152 2818 propria
1166 2743 1266 2798 teme-

234 2845 325 2906 ritate
351 2845 613 2924 presumpserint,
641 2847 701 2906 nisi
725 2847 806 2908 inira
829 2848 1016 2920 terminum,
1036 2864 1092 2908 seu
1116 2847 1265 2910 terminos

236 2955 382 3016 omnibus
403 2956 611 3018 communiter
632 2965 663 3018 et
685 2957 814 3038 singulis
838 2957 1037 3039 singulariter
1058 2958 1097 3018 ab
1120 2957 1180 3018 illis
1195 2977 1266 3037 pre-

235 3067 320 3139 latis,
334 3067 512 3147 inquorum
528 3066 708 3131 diecesibus
724 3079 755 3132 et
772 3066 1143 3142 iurisdictione-ecclesie,
1157 3086 1266 3130 mona-

237 3178 348 3251 steria,
368 3179 451 3240 bona
467 3187 497 3240 et
510 3177 577 3240 iura
594 3173 768 3241 consistunt
783 3177 919 3260 prelata,
941 3179 1153 3260 peremptorie
1169 3185 1266 3242 statu-

238 3290 352 3363 endos,
374 3291 579 3364 monasteria,
601 3291 763 3365 ecclesias,
793 3291 1008 3372 possessiones
1033 3297 1064 3354 et
1091 3291 1161 3354 iura
1182 3289 1265 3353 illius

237 3403 380 3483 personis
396 3401 625 3476 ecclesiasticis,
645 3405 684 3464 ad
699 3421 777 3484 quas
793 3405 948 3484 pertinent
961 3421 1057 3484 supra
1072 3403 1154 3466 dieta
1166 3401 1264 3465 libere

238 3519 269 3572 et
283 3511 402 3592 absque
418 3511 587 3574 dilicultate'
601 3514 798 3576 reddiderint
812 3523 843 3576 et
857 3513 1064 3589 restituerint,
1080 3522 1111 3578 et
1126 3513 1165 3577 de
1181 3514 1265 3576 fruc-

236 3620 336 3694 tibus,
355 3623 563 3702 prodentibus
580 3632 672 3704 atque
689 3625 809 3685 damnis
825 3625 864 3686 ad
880 3626 1058 3686 mandatum
1073 3625 1265 3706 prelatorum

234 3716 375 3812 ipsorum
396 3721 604 3796 satisfecerint
622 3717 848 3814 competenter,
861 3737 1073 3817 ‘cauerintque
1094 3736 1152 3798 sub
1173 3737 1266 3800 certis

236 3843 341 3926 penis,
363 3845 450 3924 quod
464 3843 595 3906 ulterius
612 3845 770 3907 letalibus
791 3865 854 3906 non
870 3848 1038 3922 excedent,
1060 3849 1265 3912 anathematis

236 3953 362 4016 uinculo
379 3955 577 4016 decernimus
593 3963 624 4016 et
638 3955 787 4017 uolumus
800 3975 869 4018 esse
885 3957 1013 4038 ligatos,
1035 3977 1053 4021 a
1067 3979 1130 4042 quo
1146 3959 1266 4022 absolui

236 4085 300 4127 non
326 4065 446 4146 possint
469 4065 528 4127 nisi
556 4065 696 4146 predicta
720 4065 931 4142 restituerint,
963 4075 997 4131 et'
1019 4069 1266 4132 ad‘mandatum

203 4209 206 4214 ·
235 4175 377 4258 ipsorum
397 4177 589 4260 prelatorum
607 4177 701 4261 plene
716 4177 927 4244 satisfecerint
940 4187 973 4244 ut
988 4181 1133 4264 superius
1148 4187 1196 4244 est
1210 4199 1265 4247 cx-

231 4299 403 4373 preseum,
784 4297 786 4302 ’
