2904 4754
267 413 329 484 582
350 431 540 482 sternens.
553 429 644 485 man
657 427 836 482 ruveron
851 427 1004 486 recreem
1019 427 1188 484 recursu.
1205 411 1295 484 lati.

270 598 331 656 tus.
358 587 444 655 nnde
457 587 497 651 cle
511 587 613 652 trihm
628 587 816 669 presentatio
829 607 886 669 per
900 587 1062 652 dominum
1077 603 1200 670 regem,
1229 605 1298 650 mo·

270 704 356 768 ribus
372 712 403 766 et
417 703 482 766 uita
495 701 686 784 approbatus
701 710 733 766 et
744 699 884 782 legitime
900 701 1008 778 etatis,
1028 700 1082 783 qui
1102 700 1136 764 in
1156 702 1297 766 eustoch

271 815 354 898 repis
368 814 431 878 lilio
445 812 672 894 impendenda,
686 811 753 894 regi
769 819 801 874 et
815 829 914 894 regno
927 811 1064 879 fideliter
1079 813 1180 893 possit
1193 814 1299 878 deser·

271 928 351 1000 nire,
366 945 461 1008 quum
476 925 560 990 idem
575 923 743 1006 episcopus
756 921 916 1006 Apriensis
927 941 966 988 ex
983 924 1106 986 statutis
1119 932 1300 988 sanctorum

272 1057 382 1119 regum
396 1037 501 1098 locum
516 1036 647 1100 nutricis
657 1042 762 1100 lenset
776 1034 809 1096 in
823 1043 967 1116 tempore
981 1034 1115 1098 insultus
1125 1035 1300 1100 infidelium

274 1158 306 1214 et
318 1149 497 1230 iniquorum
511 1148 543 1208 in
559 1147 701 1212 custodia
715 1154 746 1210 et
761 1145 946 1209 defensioue
960 1145 1113 1208 iacienda.

356 1263 418 1337 (ἢ)
447 1260 524 1325 ltem
551 1259 687 1322 decimas
711 1258 875 1324 bladorum
900 1259 940 1325 de
965 1259 1109 1330 omnihus
1133 1261 1300 1341 generibus

275 1374 392 1438 dehent
413 1371 622 1436 decimatores
645 1369 785 1454 episcopi
807 1378 839 1434 et
858 1369 983 1452 capituli
1004 1371 1109 1434 dicare
1126 1381 1160 1434 et
1174 1373 1300 1455 elligere

274 1487 307 1553 iu
327 1485 449 1548 horreis
470 1483 656 1546 uillanorum
679 1491 711 1546 et
730 1481 935 1556 rusticorum,
959 1483 991 1544 in
1011 1483 1147 1546 inuicem
1171 1500 1301 1566 congre·

275 1605 419 1682 palorum
441 1603 472 1658 et
491 1595 524 1656 in
546 1613 694 1658 acernum
716 1593 960 1667 cumulatorum,
981 1595 1061 1658 sicut
1080 1596 1114 1658 iu
1134 1595 1300 1671 frumento,

273 1708 409 1790 siligine,
428 1705 561 1778 hordeo,
582 1723 695 1778 auena,
716 1703 812 1780 milio,
832 1704 919 1788 pisis,
939 1705 1163 1788 leguminibus,
1182 1709 1301 1770 eacaho

276 1819 384 1884 ellico
400 1851 495 1868 --

357 1929 415 2002 (3)
441 1928 518 1990 ltem
541 1927 658 1992 debent
680 1928 888 1992 decimatores
910 1929 1054 2011 occipere
1072 1931 1113 1994 all
1132 1931 1301 1994 dicendum

274 2043 307 2106 in
322 2040 403 2104 iesto
418 2039 517 2102 sancti
537 2040 621 2120 repis
635 2040 800 2120 Stephani,
820 2039 907 2130 nilla
921 2041 981 2104 alie
996 2043 1231 2117 connencione,
1252 2041 1301 2105 nel

276 2153 380 2236 aliqua
393 2128 539 2234 pactione
553 2153 793 2216 interueniente.

308 2293 331 2306 -·
357 2235 414 2340 st)
435 2263 529 2338 Item,
551 2264 577 2328 si
595 2265 730 2328 rusticus
749 2262 801 2328 uel
825 2265 958 2331 nillnnns
977 2265 1062 2328 solus
1084 2274 1191 2330 seruat
1210 2285 1302 2330 nuum

276 2376 395 2442 curiam
416 2375 570 2456 integrum
592 2395 649 2438 seu
674 2382 811 2454 portum,
841 2383 873 2438 et
896 2385 983 2440 carot
1004 2376 1116 2449 tritico,
1149 2377 1304 2440 dionhitur

275 2503 334 2570 pro
358 2484 478 2546 duabus
499 2484 633 2564 oapeoiis
656 2503 712 2564 pro
728 2485 850 2548 decima
871 2486 1030 2567 personali
1052 2495 1084 2550 et
1103 2485 1303 2570 eleemosyna

277 2594 404 2658 annuali
418 2595 459 2656 oh
474 2593 689 2658 reuerenoiam
703 2593 779 2658 fidei
793 2595 958 2660 catholice.

360 2707 416 2780 (5)
436 2705 514 2767 ltom
528 2705 697 2787 inquilinus
713 2706 898 2790 coniugatus
914 2721 971 2790 pr'o
986 2724 1049 2772 una
1063 2711 1201 2792 capeoia.
1283 2725 1288 2738 ·

359 2818 415 2894 (6)
436 2819 514 2880 ltem
529 2817 576 2882 de»
584 2818 683 2902 agnis,
704 2817 805 2892 hedis,
822 2827 854 2882 et
868 2818 966 2883 suillis
977 2821 1135 2887 decimam
1148 2822 1303 2904 integram

277 2929 460 3012 persolueut
479 2930 519 2993 ad
540 2929 737 2994 dicaciouem
752 2931 943 2995 decimarum
959 2933 1075 2998 domini
1090 2933 1232 3016 episcopi
1253 2933 1304 2996 nel

277 3041 413 3124 capituli.
1224 3065 1227 3070 ¹

361 3156 419 3227 (7)
440 3153 518 3216 item
536 3155 577 3216 de
597 3154 707 3234 apibus
721 3153 871 3218 seniliter.
890 3175 893 3182 ’

361 3264 422 3339 (8)
443 3265 521 3330 Item
537 3263 576 3324 de
591 3263 706 3326 horreo
722 3265 834 3328 nohilis
848 3284 929 3330 nnus
944 3267 1035 3330 ferto.
1058 3285 1060 3293 ·
1100 3277 1102 3284 ⁴

358 3375 421 3446 (9)
442 3373 518 3434 ltem
533 3374 573 3434 de
593 3393 688 3434 seruo
703 3375 871 3457 coniugato
884 3396 946 3439 nna
960 3379 1106 3460 capecia.¹

361 3483 440 3556 (10)
460 3483 537 3546 ltem
552 3483 592 3543 de
607 3501 670 3548 una
686 3493 774 3564 porta
788 3503 851 3548 una
862 3487 980 3568 'gallina
995 3489 1166 3552 decimalis.

362 3593 441 3668 (11)
462 3593 540 3662 Item
556 3593 595 3656 do
610 3593 751 3676 quolibet
768 3615 864 3678 grege
877 3601 1076 3664 anseris-uno
1091 3619 1178 3667 nuce.
1219 3613 1223 3625 '

360 3704 436 3778 (12)
457 3704 534 3766 item
557 3704 597 3768 do
617 3704 762 3786 ,poledris
788 3708 909 3772 decima
932 3711 1161 3793 integru,.-que
1182 3714 1301 3777 decimu

277 3812 482 3898 poledrorum
499 3813 569 3876 -hlio‘
585 3816 674 3898 regis
691 3816 853 3898 Hungarie
873 3828 947 3880 nato
970 3822 1022 3884 uel
1035 3823 1195 3886 nascituro
1211 3825 1308 3886 dehet-

277 3927 593 4000 rosernari,·deduota
606 3936 699 4010 parte
709 3931 806 3992 tmoia
819 3929 969 4014 episeopo
978 3932 1143 4015 agriaco,
1158 3943 1193 3997 ut
1207 3953 1301 4017 quum

277 4037 359 4102 iilius
370 4037 452 4120 regis
467 4040 507 4102 ad
517 4047 632 4102 etatem
645 4041 827 4122 peruenerit
839 4043 1028 4125 legitimam,
1041 4047 1301 4128 superabundans

277 4149 553 4230 ineqnieexistat,
567 4159 605 4214 et
619 4152 931 4234 patronumeoolesie
945 4155 1156 4238 Agrionsisse
1170 4177 1302 4240 eognos-

279 4267 343 4336 oat,
362 4279 439 4346 repo
460 4269 564 4328 autem
578 4268 754 4349 petrezmo
770 4263 942 4355 moesto,
961 4275 1070 4334 erecto
1086 4265 1211 4337 ‘unuln
1229 4273 1306 4360 'rep-
