3048 4760
271 329 336 396 m
375 343 637 418 consummem
656 341 870 392 mensu!
889 341 932 386 ιτ
950 319 1222 406 emmim.

356 497 408 580 (l)
430 499 470 564 llt
483 497 645 562 dominum
656 495 814 560 Andream
828 515 870 560 ex
879 493 983 578 regali
996 493 1095 583 stirpe
1105 491 1304 556 descenden-

272 618 337 674 tem
350 629 556 674 reuereamur
569 617 729 692 umquam
744 606 907 670 dominum
920 604 1012 688 regni
1025 602 1213 692 picturalem.

354 717 401 804 (ἃ)
421 718 462 784 lit
475 725 510 782 ut
522 719 556 782 iu
570 737 709 802 persona
722 715 822 800 ipsius
836 715 952 800 regalis
967 715 1112 802 dignitas,
1132 715 1305 782 secundun

274 832 469 918 exipeuciem
486 831 535 894 sui
552 829 702 916 culminis
712 828 834 912 frrlgere
847 828 964 912 possit,
985 827 1091 890 omnis
1111 823 1230 911 regalia
1250 845 1307 907 per

273 945 350 1010 riter
372 952 404 1008 et
423 941 593 1026 reginalia,
612 961 672 1024 per
686 958 909 1024 quemcunque
927 946 961 1003 et
974 957 1197 1022 quamcunque
1214 937 1307 1002 iude-

272 1051 338 1130 bite
353 1060 520 1138 owupsu,
539 1052 635 1134 pleno
649 1051 720 1114 iure
732 1051 946 1116 restituantur.

278 1235 284 1242 ,
357 1162 403 1248 (3)
424 1165 498 1228 lura
511 1163 612 1228 eciam
625 1161 840 1232 ecclesiastica
853 1168 887 1226 et
899 1160 1062 1246 nobilium,
1082 1159 1307 1244 inpossessio·

274 1277 384 1352 nibus,
404 1277 438 1338 in
451 1275 547 1349 foris,
567 1275 600 1336 in
614 1273 736 1338 tributis
750 1280 783 1336 et
796 1271 882 1347 aliis,
902 1261 1096 1358 quocunque
1115 1279 1260 1352 tempore
1275 1277 1308 1334 et

274 1409 334 1472 per
348 1406 557 1474 quoscunque
568 1383 708 1450 indebite
724 1391 889 1465 occupata,
911 1383 1038 1468 penitus
1051 1383 1266 1446 restituantur.

358 1497 404 1580 (l)
425 1499 565 1560 barones
590 1503 622 1558 et
642 1495 694 1558 alii
716 1501 863 1578 potenter
886 1503 1036 1583 agentes,
1050 1499 1086 1557 'a
1109 1494 1250 1576 uestibus
1275 1499 1308 1556 et

275 1609 383 1694 spoliis
404 1607 535 1692 agendis
554 1605 682 1672 omnino
703 1627 738 1670 se
760 1605 934 1670 refrenent.
964 1605 1004 1668 Et
1018 1605 1058 1670 de
1072 1605 1122 1668 bis
1137 1624 1200 1688 que
1223 1603 1307 1668 male

276 1727 451 1808 gesseruut,
471 1719 590 1802 regiam
606 1719 800 1783 maiestatem
816 1718 1017 1795 offendendo,
1039 1719 1080 1782 ad
1098 1715 1236 1800 graciam
1250 1717 1308 1778 do·

275 1829 353 1894 mini
367 1829 450 1912 regis
465 1848 499 1892 se
514 1828 692 1902 conferant,
706 1827 833 1890 ueniam
846 1835 992 1912 petentes
1008 1828 1047 1890 de
1063 1826 1251 1892 commissis.
1276 1835 1309 1892 et

277 1939 363 2024 quod
374 1939 414 2002 de
425 1945 531 2002 cetere
542 1945 662 2012 uastus,
674 1935 936 2022 supplicaciones,
950 1937 1117 2002 latrocinia
1128 1945 1160 2002 et
1173 1957 1308 2020 occupe-

280 2049 399 2126 cioncs‚
419 2069 478 2114 seu
491 2049 580 2112 uaria
594 2057 785 2136 nocumenta
799 2057 925 2114 cessant
939 2050 1080 2114 omnino.

360 2157 407 2243 (5)
427 2161 468 2224 Et
487 2161 666 2244 quicunque
686 2159 807 2244 regalia
828 2167 860 2222 et
879 2160 1034 2244 reginalia
1052 2159 1195 2224 indebite
1216 2179 1309 2224 occu·

275 2249 366 2358 pata,
386 2271 606 2356 possessiones
632 2270 735 2334 eciam
757 2269 965 2336 ecclesiarum
987 2280 1020 2336 et
1039 2271 1204 2348 nobilium,
1223 2273 1308 2346 fora,-

275 2385 410 2460 munta,
430 2382 584 2446 hactenus
602 2382 741 2446 indebite
756 2383 885 2447 detenta
902 2404 968 2449 uon
986 2383 1197 2459 restituerint,
1217 2392 1249 2446 et
1261 2383 1310 2446 iu-

277 2495 328 2558 fra
340 2495 482 2578 spacium
503 2494 597 2557 trium
618 2495 776 2559 meusium
798 2495 881 2560 adie
897 2495 1156 2580 congregacionis
1178 2514 1309 2578 compu-

277 2606 446 2670 tandorum
469 2605 626 2668 dimittere
640 2625 705 2668 non
719 2608 910 2690 curauerint.
936 2615 989 2672 aut
1003 2607 1031 2670 si
1045 2609 1098 2693 qui
1114 2609 1154 2670 de
1169 2627 1253 2670 nouo
1268 2607 1309 2670 ad

278 2717 478 2802 spoliandum
497 2724 529 2782 et
546 2719 764 2800 occupandum
784 2718 1003 2806 possessiones
1023 2719 1148 2802 regales
1171 2727 1204 2782 et
1225 2719 1309 2801 regi·

279 2827 379 2904 nelos,
403 2829 607 2914 ecclesiarum
632 2837 664 2892 et
681 2830 858 2916 nobilium,
885 2839 996 2894 contra
1017 2829 1078 2896 bec
1102 2838 1218 2910 statute
1241 2849 1309 2894 sur-

279 2940 435 3018 rexerint,
454 2941 649 3004 sentencium
665 2939 1011 3016 excommunicacionis,
1032 2963 1126 3026 quam
1138 2950 1248 3004 contra
1261 2942 1309 3004 in-

278 3051 379 3116 iustos
398 3071 438 3116 cx
459 3073 544 3116 nunc
557 3051 740 3116 auctoritate
761 3053 961 3136 presencium
982 3052 1183 3136 proferimus,
1203 3054 1309 3116 ineur-

279 3171 351 3228 rsnt
360 3164 431 3247 ipso
445 3164 539 3228 iacto.
555 3183 580 3226 a
594 3183 657 3246 qus
670 3163 792 3228 absolui
805 3184 870 3226 non
885 3163 1021 3239 ualeant,
1034 3163 1095 3227 uisi
1108 3165 1193 3248 opud
1206 3163 1308 3226 archi-

280 3277 465 3362 episcopum
479 3274 695 3349 colocensem,
716 3275 855 3340 omnium
871 3275 1091 3360 episcoporum
1104 3275 1308 3350 nibilominus

281 3407 438 3474 consensu
461 3395 493 3449 et
510 3405 642 3448 assensu
662 3385 905 3452 interueniente.
933 3396 965 3452 et
985 3387 1309 3470 praehabita-satisfec-

281 3499 367 3563 tione
381 3495 587 3580 competenti,
609 3495 727 3560 domiui
739 3499 824 3580 repis
839 3498 954 3562 cedant
966 3497 1093 3574 iudicio,
1107 3517 1190 3580 pena
1204 3498 1312 3563 debita

281 3609 443 3706 puniendi.
463 3604 714 3690 possessionibus
729 3615 835 3672 tamen
849 3611 995 3674 omuibus
1008 3611 1077 3693 ipso
1091 3609 1175 3674 facto
1186 3610 1312 3696 priuati,

282 3715 419 3786 deductu
433 3719 622 3802 repensione
637 3719 844 3806 dampnorum
856 3741 915 3805 per
928 3719 1195 3798 telesillaterum,
1216 3729 1248 3802 et
1263 3720 1310 3786 cis

284 3831 397 3918 quibus
404 3829 575 3894 intulerunt
583 3830 745 3914 assignatis
756 3831 808 3894 uel
815 3833 1012 3920 adiudicatis,
1020 3841 1125 3896 cetere
1137 3833 1313 3914 pussessio-

283 3963 359 4008 num
373 3949 479 4026 partes
492 3941 526 4004 iu
539 3961 650 4030 manus
664 3943 766 4032 regias
781 3942 1003 4008 deuoluautur:
1017 3943 1061 4008 ita
1074 3944 1161 4027 quod
1174 3944 1311 4034 heredes

285 4055 475 4131 eorundem,
495 4060 626 4138 propter
639 4063 973 4143 excessus-pareutum
992 4055 1133 4144 legitime
1152 4064 1241 4142 parte
1254 4055 1312 4134 beq

284 4166 425 4245 ruditatis
439 4167 604 4281 denudati,
624 4165 706 4252 iuter
717 4167 840 4242 nobiles
855 4187 920 4238 nou
934 4169 1072 4246 debeant
1081 4169 1264 4266 computari,
1279 4173 1312 4246 et
1355 4257 1365 4264 ‚
