2924 4758
384 1173 435 1261 S.
468 1163 794 1261 STEPHANI
824 1167 1019 1260 undis

679 1369 721 1414 nu

213 1516 368 1618 nuru
392 1520 776 1742 mmm
803 1517 1020 1610 muru
1043 1518 1187 1612 curru

311 1815 335 1870 n
352 1808 443 1869 codice
459 1815 598 1868 emoneo
613 1815 703 1868 seculi
715 1816 773 1868 XV.
788 1811 951 1868 bibliothecae
964 1805 1086 1883 pelotino

575 1917 576 1920 ’
591 1909 809 1962 vindobonensis.

509 2203 655 2269 INCIPIT
676 2200 895 2268 PROLOGUS.

268 2487 363 2572 Cum
385 2514 497 2570 cuncta
519 2506 570 2570 dei
589 2515 666 2570 nutu
681 2507 822 2582 condita,
844 2525 963 2591 suaque
979 2507 1194 2570 euidentissim

184 2610 450 2708 preordinacione
472 2621 637 2702 disposita,
657 2623 774 2686 tamin
796 2621 1001 2705 amplitudine
1023 2622 1098 2698 celi,
1120 2643 1216 2706 quam

184 2737 218 2798 i'n
240 2735 307 2798 istis
329 2731 498 2815 aptissimis
520 2740 673 2794 terrarum
693 2731 867 2794 climatibus
887 2733 1015 2795 racione
1030 2733 1216 2816 intelligam,

186 2867 225 2909 ac
238 2845 379 2908 funditus
394 2843 534 2907 sensiam
549 2843 658 2925 uigere
673 2851 768 2926 atque
783 2843 968 2918 subsistere,
989 2863 1124 2926 cumque
1140 2847 1216 2908 atla·

185 2958 242 3020 tim
256 2957 406 3018 uniuersa
420 2955 513 3017 huius
527 2953 592 3016 uite
608 2953 730 3016 utilitati
743 2953 947 3036 dignitatique
963 2953 1068 3034 gracia
1078 2953 1129 3016 dei
1142 2975 1216 3016 con-

187 3067 288 3141 cessa,
308 3066 425 3128 scilicet
438 3053 547 3148 regna,
569 3063 760 3138 consulatus,
782 3063 923 3138 ducatus,
942 3064 1116 3139 comitatus,
1136 3085 1217 3148 pon-

186 3165 335 3252 tificatus,
366 3182 551 3260 ceterasque
581 3177 749 3259 dignitates
777 3177 890 3258 partim
918 3175 1033 3238 diuinis
1062 3177 1219 3260 preceptis

187 3297 282 3370 atque
295 3289 459 3362 institutiS,
483 3287 595 3370 partim
609 3286 748 3370 legibus,
769 3287 882 3368 partim
896 3287 1123 3362 iuridicalihus,
1144 3309 1217 3372 par-

187 3398 244 3462 tim
266 3399 417 3463 ciuilibus
437 3419 474 3463 ae
496 3400 685 3462 nobiliorum
713 3405 794 3461 etate
818 3407 1044 3482 prouectcrum
1069 3399 1217 3476 consiliis,

188 3511 403 3584 suasionibus,
425 3509 506 3592 regi,
526 3509 672 3586 delendi,
698 3507 810 3584 diuidi,
832 3509 1002 3574 coadunari
1023 3509 1164 3573 uideam:
1187 3519 1218 3574 et

188 3642 261 3684 eum
282 3643 390 3684 ornnes
411 3623 537 3686 ordines
560 3621 678 3704 ubique
703 3629 875 3696 terrarum,
905 3621 1131 3704 cuiuscumque
1156 3622 1218 3687 sint

188 3731 357 3816 dignitatis,
378 3719 442 3796 non
456 3733 558 3796 solum
572 3731 766 3806 satellitibus,
787 3732 905 3805 amicis,
927 3731 1028 3796 seruis
1043 3735 1217 3818 precipere,

188 3844 364 3918 consiliari,
393 3845 451 3906 sed
474 3844 571 3908 eciam
591 3836 646 3907 filii
667 3863 726 3926 pro
745 3851 834 3906 certo
856 3841 969 3918 sciam,
991 3851 1066 3906 tunc
1087 3865 1147 3909 nec
1166 3865 1218 3908 mo

187 3957 276 4040 piget
298 3955 342 4018 iili
365 3956 603 4031 amabilissimo,
629 3957 689 4018 hac
710 3955 777 4019 uita
799 3955 913 4020 comite
935 3955 990 4018 tibi
1012 3956 1218 4032 documenta,

186 4075 353 4151 precepta,
374 4067 504 4132 consilia
517 4067 672 4132 suasionis
682 4079 822 4150 ponere,
843 4067 957 4150 quibus
969 4074 1023 4130 tue
1037 4067 1102 4132 uite
1113 4087 1218 4130 mores

187 4179 310 4262 tibique
323 4179 537 4244 subiectorum
555 4197 701 4254 exornes,
723 4179 849 4262 quando
863 4178 992 4263 quidem
1007 4197 1129 4242 summa
1143 4195 1219 4239 con-

190 4289 325 4356 cedente
339 4291 487 4374 potencia
504 4296 577 4374 post
591 4310 642 4353 me
654 4289 812 4376 regnabis.
838 4295 870 4354 te
885 4296 991 4356 autern
1005 4288 1145 4353 studiose
1161 4288 1218 4356 ad·
