2920 4758
247 430 336 476 once
348 429 389 472 rr.
401 426 491 474 necis
501 425 652 470 urcensis
663 426 819 470 nosnrruu
833 427 872 470 nn
882 425 1101 470 zounrrurnr.
1115 404 1203 472 1238.
1219 405 1279 468 ll5

246 583 278 646 in
293 603 373 666 pace
387 579 569 664 tranquilla,
591 601 649 644 sua
668 581 794 643 cuilibet
814 581 880 642 iura
900 558 1075 653 reddendo,
1098 578 1279 642 confouerc.

247 714 320 754 cum
341 693 435 776 igitur
453 693 485 754 in
509 693 656 754 comitatu
679 693 864 754 Posoniensi
887 691 974 754 loeus
997 690 1052 774 qui
1075 687 1279 772 Zombathely

248 805 372 878 dieitur,
393 803 568 886 hospitibus
583 801 811 884 congregandis
830 802 1008 885 aptissimus
1023 802 1177 877 uideatur,
1202 800 1279 864 ciui-

246 917 307 984 bus
327 924 358 976 et
375 913 407 976 in
424 915 537 976 eodem
556 913 627 976 loco
642 913 863 986 residentibus,
886 921 917 976 et
931 913 1031 996 quiin
1047 920 1208 995 posterum
1223 931 1279 973 ue·

247 1027 317 1090 nire
331 1025 504 1098 noluerint,
527 1025 619 1088 talem
635 1025 846 1088 concessimus
864 1022 1058 1088 libertatem:

333 1133 380 1218 (1)
403 1138 492 1198 ulad
507 1137 625 1219 regiam
643 1156 791 1198 coronam
813 1133 990 1216 specialiter
1006 1134 1197 1215 pertineant,
1219 1153 1278 1198 nec

238 1247 465 1330 cuiuscunque
476 1246 682 1310 iurisdictioni
694 1247 869 1312 donacione
880 1247 931 1310 uel
943 1247 1167 1328 cuiuscumque
1178 1254 1279 1324 traus-

248 1359 378 1422 laciouis
393 1359 487 1422 modo
503 1359 744 1438 committantur.

332 1465 374 1549 (2)
396 1470 460 1531 Nec
475 1469 506 1530 in
523 1468 709 1542 exercitum,
733 1469 782 1530 cui
800 1489 857 1530 rex
876 1469 1082 1550 personaliter
1097 1489 1160 1532 uon
1181 1468 1278 1531 iuter—

247 1579 358 1654 fuerit,
380 1580 489 1644 uenire
512 1581 752 1662 compellantur,
774 1581 831 1644 sed
853 1581 892 1642 de
915 1589 1040 1644 centurn
1062 1581 1277 1645 mansionibus

246 1712 345 1753 unum
361 1691 491 1754 militem
503 1693 646 1754 omuibus
661 1693 846 1756 necessariis
861 1692 1046 1755 militaribus
1056 1692 1277 1759 honestissime

247 1811 447 1884 preparatum
467 1804 588 1866 mittere
603 1811 778 1865 teneantur.

331 1912 374 1996 (3)
397 1915 541 1979 Duellum
559 1936 634 1978 uero
650 1937 709 1978 nec
722 1917 803 1980 inter
818 1938 869 1992 se,
891 1939 950 1980 nec
966 1917 1067 1982 eciam
1082 1937 1153 1980 cum
1168 1916 1277 1980 alienis

247 2028 458 2101 committere,
474 2027 625 2108 cuiusque
641 2027 757 2090 iudicio
773 2029 1035 2112 constringantur,
1054 2029 1110 2091 sed
1124 2029 1276 2110 cuiusque
1371 2066 1376 2073 ·

218 2161 222 2169 ·
247 2138 426 2219 quescionis
438 2138 567 2200 materia
580 2139 748 2202 duodecim
763 2139 924 2200 homiuum
941 2139 1115 2201 iuramento
1126 2139 1276 2220 sopiatur.

246 2259 343 2316 testes
365 2257 468 2311 autem
490 2258 595 2313 contra
616 2249 701 2332 ipsos
722 2250 854 2331 produci
869 2259 1045 2332 nequeant,
1067 2249 1127 2311 nisi
1143 2271 1182 2312 ex
1196 2293 1204 2310 .
1220 2293 1228 2310 .
1244 2293 1275 2332 ·‹.·

246 2362 298 2422 uel
313 2361 364 2422 alii
379 2362 530 2444 hospites,
552 2361 605 2444 qui
620 2361 771 2423 consimili
786 2361 944 2444 gaudeant
957 2361 1111 2425 libertate.

313 2471 376 2554 ll)
399 2473 500 2536 Solius
523 2475 621 2536 eciam
643 2475 725 2554 regis
747 2473 874 2548 iudici0,
896 2473 948 2535 uel
963 2493 1057 2554 quem
1070 2471 1130 2554 ipsi
1146 2471 1220 2533 uille
1243 2471 1275 2532 in

245 2586 384 2648 uillicum
400 2584 602 2667 prefeceriut,
624 2585 748 2662 adstare
765 2587 912 2648 debeant.
932 2585 1072 2648 uillicum
1086 2589 1208 2660 autem,
1223 2591 1277 2646 arnt

246 2717 340 2778 quem
363 2696 423 2777 ipsi
446 2697 665 2770 communiter,
691 2695 743 2757 uel
765 2715 874 2761 eorum
901 2695 1001 2760 maior
1023 2701 1054 2756 et
1075 2694 1181 2756 sanior
1202 2715 1276 2776 pars

247 2807 394 2889 elegerit,
422 2807 561 2870 habeant
584 2807 680 2888 regali
701 2805 941 2868 confirmacione
964 2805 1145 2870 accedente.
1177 2805 1278 2888 quisi

247 2919 280 2979 in
303 2919 406 3002 aliquo
427 2900 530 2982 minsis
551 2918 682 2982 idoneus
698 2919 846 2982 inuentus
860 2917 971 2994 fuerit,
993 2915 1077 2999 regis
1092 2917 1276 2979 auctoritate

247 3030 476 3092 auillicucione
491 3028 672 3112 repellatur.
1177 3103 1180 3108 Ι
1266 3104 1270 3113 ἢ

330 3139 374 3224 (5)
402 3143 489 3206 ldem
511 3150 615 3204 autem
641 3138 762 3226 uillicus
784 3161 893 3205 omues
917 3159 1027 3206 causas
1047 3140 1128 3224 inter
1146 3142 1203 3223 eos
1224 3140 1278 3204 uel

249 3262 414 3317 extraneos
436 3273 505 3314 curn
529 3253 573 3314 eis
598 3262 722 3315 exortas
739 3253 901 3332 iudicandi
916 3254 948 3316 in
962 3272 1150 3336 quacunque
1164 3253 1217 3318 lite
1232 3253 1276 3316 ci-

248 3367 301 3428 uili
321 3366 373 3428 uel
388 3365 536 3452 criminali
558 3366 673 3428 habeat
692 3365 882 3444 facultatem.
911 3366 963 3448 qui
980 3366 1005 3428 si
1021 3365 1055 3430 in
1070 3365 1215 3428 facienda
1228 3366 1276 3428 iu·

247 3479 335 3542 sticia
355 3485 498 3562 repertus
518 3477 612 3539 luerit
630 3476 793 3558 negligens
813 3477 865 3541 uel
885 3477 1058 3558 imperitus,
1079 3478 1129 3540 uel
1152 3478 1177 3540 si
1198 3477 1275 3543 uilla

202 3575 205 3585 ’
249 3590 455 3654 communiter
480 3597 675 3662 contemnat,
705 3597 771 3652 tum
796 3591 923 3652 demum
949 3589 989 3651 ad
1016 3590 1100 3672 regis
1126 3587 1276 3654 iudicium

248 3708 436 3764 recurratur.
474 3708 505 3762 et
529 3720 637 3762 omnes
663 3700 716 3782 qui
741 3701 773 3760 in
798 3700 933 3762 eandem
956 3699 1062 3762 uillam
1087 3721 1277 3784 quocunque

247 3822 389 3891 tempore
403 3809 563 3872 babitandi
579 3829 671 3872 causa
687 3810 910 3884 conueneriut,
931 3811 986 3872 uni
1008 3809 1113 3874 uillico
1128 3813 1190 3877 siut
1203 3813 1277 3874 sub-

246 3921 330 3984 iecti.
1195 4005 1197 4008 Ι

332 4029 374 4116 (6)
397 4033 498 4116 Super
512 4032 673 4096 solucione
692 4053 769 4097 uero
784 4033 890 4097 tributi
905 4033 1019 4098 ecdem
1040 4031 1109 4098 iure
1124 4053 1277 4099 censean-

247 4155 308 4221 tur,
329 4163 393 4230 quo
409 4144 495 4207 ciues
509 4143 673 4207 Albenses.

329 4253 375 4345 (7)
398 4256 476 4320 Cum
502 4255 717 4323 nummulariis
740 4265 845 4324 autem
873 4259 1016 4324 seruiens
1038 4255 1160 4325 comitis
1182 4277 1275 4344 paro·
