2924 4758
272 291 333 369 306
375 309 562 363 §.orannim
576 312 667 360 neers
681 313 721 360 nn
735 313 846 360 norrun
866 313 1081 360 rrsrrrnnornr
1102 314 1205 361 nicar.
1227 291 1307 378 (vu.)

260 470 317 550 ita
340 469 481 532 diuersas
507 467 628 550 linguas
651 479 682 532 et
705 467 959 542 consuetudines,
988 469 1178 550 diuerseque
1200 469 1306 534 docu-

272 587 378 642 menta
392 586 423 642 et
438 599 524 641 arma
537 599 643 641 secum
659 579 793 652 ducunt,
811 599 872 662 que
886 579 992 642 omnia
1006 579 1125 662 regiam
1140 587 1253 642 ornant
1269 586 1305 642 et

272 689 471 772 magnificant
485 690 605 764 aulam,
623 697 654 752 et
667 691 866 772 perterritant
880 697 1058 753 exterorum
1073 672 1304 771 arroganciam,

272 822 347 865 nam
360 802 451 864 unius
465 791 571 884 lingue
586 801 742 882 uniusque
756 801 852 864 moris
868 822 998 884 regnum
1019 799 1175 864 imbecille
1191 809 1223 864 ct
1237 801 1305 862 fra-

274 911 335 993 gile
351 920 406 975 cst.
434 919 602 993 propterea
615 911 659 974 fili
674 911 716 974 mi
730 913 824 975 iubeo
839 913 894 974 tibi
909 920 943 974 ut
956 913 1041 973 bona
1053 909 1214 975 uoluntate
1230 909 1303 973 illos

274 1023 392 1084 nutrias
407 1032 438 1086 et
452 1021 586 1085 honeste
600 1030 719 1097 teneas,
733 1031 767 1086 ut
782 1030 885 1085 tecum
900 1023 1050 1085 libencius
1065 1023 1191 1106 degant,
1206 1042 1304 1104 quam

275 1133 387 1196 alicubi
400 1133 552 1198 habitent.
580 1134 607 1196 si
622 1133 705 1196 enim
719 1141 753 1198 tu
769 1135 946 1208 destrucre,
971 1136 1056 1216 quod
1071 1155 1130 1216 ego
1146 1132 1304 1208 edificari,

275 1251 328 1306 aut
343 1241 510 1325 dissipare,
532 1245 618 1326 quod
639 1265 699 1326 ego
721 1246 910 1326 congregari
931 1245 1101 1318 studueris,
1122 1245 1189 1306 sine
1204 1245 1304 1308 dubio

275 1353 409 1416 maxime
428 1362 516 1417 tuum
537 1353 682 1436 pacietur
700 1375 843 1436 regnum.
865 1355 950 1436 quod
973 1375 1013 1416 ne
1033 1355 1089 1415 fiat
1108 1362 1195 1416 tuum
1210 1361 1305 1436 quot·

275 1466 350 1528 tidie
374 1485 454 1551 auge
475 1487 631 1548 regnum,
659 1475 695 1529 nt
714 1475 768 1530 tua
787 1485 905 1529 corona
924 1467 962 1528 ab
984 1463 1127 1528 omnibus
1148 1465 1306 1528 habeatur

276 1586 417 1660 augusta.

359 1799 537 1860 Cnrrrunuu
552 1797 617 1858 VII.
660 1799 704 1860 De
725 1803 927 1879 magnitudine
945 1803 1069 1864 concilii.
1112 1801 1148 1862 ln
1161 1799 1305 1864 tribuna-

275 1907 356 1971 libus
372 1928 482 1990 regum
497 1908 661 1971 consilium
673 1911 842 1994 septimum
857 1911 916 1974 sibi
931 1912 1078 1975 nendicat
1091 1911 1204 1975 locum.
1227 1931 1305 1972 con-

276 2018 346 2080 silio
362 2018 488 2099 quidem
504 2020 732 2082 constituuntur
745 2042 847 2103 reges,
866 2021 1113 2085 determinantur
1127 2040 1235 2104 regna,
1249 2021 1304 2082 de-

277 2129 414 2191 fenditur
429 2127 542 2210 petria,
557 2142 787 2212 componuntur
800 2131 911 2213 prelia,
926 2133 1058 2196 sumitur
1068 2133 1216 2206 uictoria,
1230 2151 1304 2214 pro·

277 2239 437 2324 pelluntur
457 2241 589 2316 inimici,
611 2241 809 2324 appellantur
828 2243 935 2318 amici,
957 2245 1098 2308 ciuitates
1118 2253 1304 2305 construun-

277 2361 337 2426 tur,
369 2359 401 2415 et
425 2361 526 2416 castra
553 2354 806 2416 aduersariorum
832 2356 1044 2418 destruuntur.
1077 2355 1204 2438 quando
1227 2372 1303 2416 uero

279 2461 415 2524 consiliis
433 2463 516 2527 inest
535 2462 673 2526 utilitas?
699 2457 782 2524 'nam
803 2483 822 2527 a
843 2463 943 2528 stultis
966 2473 997 2528 et
1011 2465 1239 2548 arrogantibus,
1267 2481 1303 2525 ac

278 2572 507 2646 mediocribus,
535 2581 570 2635 ut
592 2575 668 2658 mibi
691 2575 815 2638 uidetur
836 2595 900 2638 non
921 2577 1028 2640 ualent
1049 2578 1196 2658 componi
1219 2575 1303 2648 uiris,

277 2683 335 2744 sed
349 2705 367 2746 a
381 2683 549 2746 maioribus
565 2693 597 2746 et
609 2686 808 2760 melioribus,
831 2687 1143 2771 sapiencioribusque
1158 2708 1194 2750 ac
1205 2669 1304 2748 bone-

279 2775 427 2856 stissiruisr
442 2796 617 2858 senioribus
640 2797 773 2878 exprimi
795 2798 912 2861 debent
936 2807 968 2860 et
988 2797 1090 2880 poliri.
1121 2799 1240 2862 Idcirco
1261 2797 1304 2859 fili

275 2892 335 2979 mi,
358 2925 430 2966 cum
445 2906 613 2992 iuuenibus
629 2915 659 2968 et
674 2907 777 2970 minus
791 2908 985 2990 sapientibus
1000 2911 1064 2971 noli
1080 2909 1235 2972 consiliari
1253 2915 1304 2970 aut

280 3017 319 3077 ab
337 3015 398 3077 illis
420 3017 585 3078 consilium
604 3037 755 3099 querere,
784 3020 839 3080 sed
854 3041 872 3082 a
887 3019 1083 3082 senatoribus
1097 3021 1209 3102 quibus
1228 3019 1304 3081 illud

279 3123 446 3205 negocium
470 3134 600 3206 propter
621 3133 735 3188 etatem
761 3136 792 3189 et
812 3113 1002 3209 sapienciam
1024 3127 1064 3190 sit
1087 3138 1203 3210 aptum.
1234 3113 1303 3191 narn

280 3235 411 3296 consilia
425 3254 535 3316 regum
548 3235 581 3296 in
596 3239 768 3316 precordiis
782 3239 957 3320 sapientum
973 3239 1088 3302 debent
1102 3238 1221 3313 claudi,
1242 3259 1304 3300 non

282 3347 468 3408 uentositate
487 3347 652 3408 stultorum
668 3349 845 3430 propagari.
867 3349 992 3410 sienim
1007 3349 1158 3430 gradieris
1174 3369 1244 3412 cum
1258 3369 1305 3411 sa-

280 3457 448 3540 pientibus,
462 3458 587 3537 sapiens
602 3459 759 3532 efficieris,
773 3461 799 3521 si
812 3459 990 3526 uersaberis
1002 3480 1073 3522 cum
1085 3461 1196 3535 stultis,
1207 3461 1305 3522 socia·

281 3565 365 3658 beris
378 3565 455 3640 iltis,
476 3567 593 3631 fatente
609 3559 720 3650 spiritu
735 3576 842 3632 sancto
857 3589 915 3651 per
930 3567 1136 3632 salamonem.
1162 3576 1193 3631 et
1206 3565 1303 3630 llauid

283 3679 381 3739 canit:
404 3697 474 3739 cum
494 3687 600 3741 sancto
621 3688 745 3742 sanctus
767 3679 843 3753 eris,
866 3687 897 3741 et
911 3697 983 3740 cum
998 3680 1066 3741 uiro
1079 3680 1246 3743 innocente
1260 3678 1305 3746 ia·

282 3806 401 3850 nocens
423 3789 499 3864 eris,
529 3797 560 3851 et
575 3809 647 3851 cum
661 3787 762 3851 alecto
777 3787 895 3850 electus
910 3787 990 3862 eris,
1019 3797 1135 3851 etcum
1155 3808 1304 3871 peruerse

281 3900 485 3980 peruerteris.
505 3919 543 3961 ac
558 3899 732 3980 preterhoc
744 3895 896 3984 quidquid
910 3897 1080 3981 unicuique
1094 3899 1220 3982 negocii
1235 3919 1306 3962 con-

282 4009 391 4072 ueniat
405 4009 496 4082 etati,
511 4007 544 4070 in
558 4009 619 4076 boc
634 4029 668 4071 se
683 4017 867 4100 exerceant,
881 4009 999 4075 scilicet
1011 4011 1143 4073 iuuenes
1157 4013 1191 4072 in
1205 4011 1306 4085 armis,

282 4129 444 4186 senatores
458 4121 491 4182 in
506 4119 655 4184 consiliis.
679 4119 806 4184 omnino
822 4113 927 4186 tamen
939 4121 1072 4186 iuuenes
1087 4141 1152 4186 non
1167 4131 1240 4188 sunt
1254 4122 1305 4188 de·
