2920 4758
155 431 274 480 croam
286 434 332 478 ιιι.
346 433 376 476 r.
387 431 421 477 ιι.
436 431 645 478 commutato
660 432 772 478 smonr
786 432 1000 480 mautrauers.
1021 419 1110 482 1186.
1130 419 1190 484 391

240 580 291 667 (9)
312 585 352 648 Et
370 584 445 668 quia
465 584 556 647 multi
578 585 695 666 passim
716 583 862 668 legitimis
884 587 1034 650 uxoribus
1057 589 1191 652 dimissis

154 696 428 779 superinducunt
448 696 539 770 alias,
559 696 706 770 statuisti,
726 705 760 760 ut
781 697 893 778 siquis
915 697 1044 762 dimissa
1064 701 1193 782 propria

155 795 258 872 uxore
273 809 431 892 acceperit
445 807 553 882 aliam,
574 808 634 874 nisi
657 809 681 872 si
697 809 887 884 correxerit,
909 829 969 872 nec
984 811 1017 872 in
1031 811 1112 887 uita,
1133 832 1192 876 neo

155 923 190 984 ia
205 931 307 986 morte
324 922 502 1004 sepultura,
525 920 577 984 uel
591 919 651 983 alia
666 921 695 982 ei
710 931 905 986 sacramenia
918 923 1151 1005 impendantur.

242 1031 309 1115 (to)
332 1033 426 1108 Quod
445 1033 544 1095 eciam
564 1033 603 1094 de
628 1032 827 1113 imponendis
853 1033 981 1096 decimis
1007 1035 1192 1112 decreuisti,
1243 1021 1245 1025 ⁸

156 1145 360 1210 decernimus
373 1145 618 1208 obseruandum.

242 1253 311 1338 (11)
332 1255 412 1318 Illud
433 1268 529 1329 uero,
555 1255 640 1337 quod
663 1253 704 1318 de'
726 1255 895 1329 usurariis,
916 1257 1006 1320 etde
1028 1265 1192 1324 contractu

116 1423 119 1430 .
155 1367 348 1432 matrimonii
362 1374 435 1430 anto
450 1366 591 1449 quintam
603 1367 893 1452 consanguinitatis,
914 1367 967 1432 uel
981 1367 1139 1432 affinitatis
1154 1371 1192 1433 li-

156 1499 251 1542 neam
274 1478 424 1553 statuisti3
449 1499 489 1540 ne
512 1463 679 1541 uideantur
701 1479 734 1541 in
757 1477 825 1540 aliis
849 1479 997 1561 gradibus
1018 1480 1192 1563 indulgeri,

155 1604 222 1654 non
238 1589 436 1652 decernimus
454 1587 717 1665 confirmandum,
737 1589 790 1651 uel
804 1607 933 1653 usuram
948 1590 981 1654 in
996 1589 1104 1673 aliquo
1116 1609 1192 1656 casu

157 1703 308 1786 permitti.

242 1812 308 1897 (12)
330 1815 476 1878 Preterea
491 1815 618 1878 uinculo
634 1815 842 1878 anathematis
858 1815 1032 1891 innodasti,
1053 1818 1109 1900 qni
1123 1817 1191 1880 aul-

155 1925 257 1990 ferret
270 1923 402 1988 ecclesie
416 1925 581 2008 priuilegia
596 1925 647 1987 uel
662 1946 702 1988 ex
716 1925 762 1988 eis
778 1925 852 1988 utile
868 1925 995 2010 aliquod
1011 1947 1050 1992 ex
1064 1928 1191 1992 suaini-

157 2041 279 2122 quitate
299 2039 463 2102 abradunt.
492 2039 579 2122 qnod
594 2039 722 2121 quidem
743 2039 909 2102 obseruari
927 2041 1081 2104 iubemus.

242 2152 408 2234 Reliquum
431 2169 510 2214 uero
526 2151 667 2232 capituli,
688 2157 724 2214 ut·
737 2151 901 2226 uidelicet,
923 2153 1103 2234 quicunque
1122 2175 1190 2217 rem

156 2263 324 2338 mobilem,
345 2263 397 2326 uel
416 2261 608 2328 immobilem
631 2263 764 2326 ecclesie
786 2263 952 2338 auserunt,
974 2273 1005 2328 et
1020 2267 1191 2346 ‚presertim

155 2375 292 2441 ecclesie
314 2375 583 2450 cBartholomci,
604 2375 716 2441 eadem
735 2375 1027 2458 peuaplectantur:
1050 2377 1125 2460 quia
1143 2377 1191 2440 ni·

154 2489 255 2552 mium
275 2487 432 2551 seruitatis
453 2507 523 2550 csse
544 2487 681 2561 uidetur,
702 2507 768 2550 non
783 2487 981 2553 decernimus
1002 2488 1191 2554 corffirruan·

154 2601 250 2676 dum;
280 2599 425 2664 nolentes
447 2607 554 2664 tamen
574 2599 749 2664 auctoritati
770 2607 824 2662 tue
843 2620 903 2682 per
915 2599 977 2664 hoc
992 2601 1189 2684 aliquatenus

154 2713 315 2794 derogari.

239 2823 322 2886 Nulli
341 2823 439 2907 igitur
453 2823 615 2888 hominum
634 2824 730 2890 liceat
749 2823 830 2888 hanc
848 2823 998 2906 paginam
1017 2824 1188 2906 infringere

154 2942 265 3002 nostre
280 2935 546 3010 confirmacionis,
565 2937 621 3000 uel
633 2936 664 3000 ei
679 2955 758 3000 ausu
774 2936 943 3002 temerario
957 2937 1127 3002 contraire.
1156 2937 1190 3000 Si

153 3054 227 3136 quis
241 3058 348 3114 antem
361 3051 423 3112 hoc
437 3057 624 3131 attemptare
639 3049 837 3131 praesumerit,
853 3049 1107 3131 indignacionem
1122 3068 1190 3110 om-

154 3163 329 3247 nipotentis
341 3163 392 3226 dei
407 3170 438 3225 et
452 3163 615 3225 beatorum
631 3160 715 3224 Petri
730 3168 762 3224 et
777 3160 865 3224 Pauli
880 3161 1094 3243 apostolorum
1108 3159 1189 3235 eius,

154 3297 194 3343 sc
209 3275 337 3341 nouerit
349 3275 557 3338 incursuram.
580 3275 696 3338 Datum
711 3275 835 3340 Uer-nac
856 3275 875 3338 3
898 3273 971 3340 ldae
991 3274 1189 3339 Nouembris.
