2920 4758
280 423 341 490 l38
388 445 518 490 nrnnrn
537 444 570 490 ιι.
589 441 680 488 unere
710 439 911 488 rrrrururnu
930 439 972 484 nn
993 435 1201 484 memineo

280 617 350 672 nes,
370 597 423 688 uel
437 595 517 662 elius
530 615 596 669 rer,
614 595 668 678 qui
681 614 739 678 pro
754 602 896 674 tempere
911 589 1016 666 fuerit,
1029 589 1083 652 uel
1097 589 1158 671 ipsi
1173 589 1335 652 selinarii

281 710 356 774 inde
377 709 557 790 percipere,
585 707 721 772 totaliter
741 707 835 770 cedet
854 705 887 768 in
908 723 984 768 usus
1005 701 1223 776 ecclesiarum,
1255 721 1332 764 nec

280 820 466 916 eselineriis
479 819 565 901 ipsis,
587 819 639 882 uel
654 818 754 891 nobis,
775 815 828 878 uel
848 815 917 878 eliis
938 815 1091 896 persenis,
1112 813 1332 894 aliquatenus

281 933 495 1005 molestentur,
511 932 586 1014 quin
602 930 737 1012 possint,
751 928 903 1010 quidquid
919 927 1020 1008 plecct
1035 925 1091 1000 eis,
1109 925 1214 988 fecere
1229 945 1333 986 sem-

281 1063 339 1125 per
354 1043 393 1104 de
408 1041 539 1117 salibus,
562 1061 601 1104 ex
616 1059 679 1123 que
694 1039 726 1102 in
747 1039 831 1102 dicte
852 1037 985 1103 termine
1006 1056 1070 1100 nen
1084 1035 1179 1100 fuerit
1192 1035 1240 1097 eis
1259 1055 1331 1117 pe-

282 1154 373 1215 cunie
389 1153 556 1234 persoluta.

364 1264 425 1338 (8)
455 1264 533 1326 Item
558 1263 690 1326 dicimus
715 1263 754 1324 de
780 1244 920 1324 secunde
944 1260 1094 1331 termino,
1126 1267 1160 1320 ut
1183 1277 1202 1320 e
1228 1257 1326 1320 leste

281 1395 308 1438 s.
321 1375 440 1438 Nicolei
456 1393 558 1456 usque
573 1376 613 1438 nd
627 1374 742 1436 festum
756 1373 841 1436 beuti
856 1373 976 1436 Tbcme
996 1369 1147 1452 apostoli,
1167 1389 1224 1451 pru
1239 1369 1328 1432 sali-

280 1487 350 1562 bus,
371 1505 450 1569 ques
466 1487 549 1568 apud
564 1507 598 1550 se
614 1485 773 1550 habebunt
787 1483 935 1556 ecclesie,
957 1483 1016 1546 sub
1028 1481 1132 1564 sigillo
1146 1481 1326 1546 salinario*-

280 1617 367 1672 rum,
393 1597 534 1660 soluetur
548 1597 593 1660 eis
614 1603 795 1678 argentum,
816 1596 991 1658 secundum
1005 1593 1240 1656 estimucinnem
1255 1593 1324 1656 ed-

281 1715 430 1770 notetum.
458 1707 591 1790 quodsi
613 1707 729 1770 lectum
749 1725 813 1768 nen
834 1705 945 1780 suerit,
970 1707 1055 1768 idem
1076 1703 1147 1778 lint,
1167 1704 1256 1786 qued
1281 1705 1324 1766 in

281 1837 356 1880 casu
370 1818 534 1899 superiore
549 1818 588 1880 de
603 1817 719 1881 salibus
734 1817 850 1881 dictum
865 1826 922 1882 est.
943 1823 1107 1898 argentum
1118 1835 1206 1889 uero,
1221 1817 1323 1896 quod

282 1929 430 2010 predictis
454 1927 593 1992 eeclesiis
614 1929 821 2010 persoluetur,
850 1929 910 1992 erit
930 1927 962 1990 in
980 1927 1071 1990 bonis
1090 1927 1235 1990 irisaticis
1258 1927 1322 1990 uel

280 2042 312 2104 in
328 2048 458 2122 argente
474 2039 562 2104 cuius
577 2041 700 2104 decime
713 2059 787 2121 pers
802 2041 1014 2110 comburetur.

363 2154 421 2229 (9)
443 2147 551 2216 Precie
570 2172 646 2216 uere
669 2152 780 2214 salium
802 2160 874 2216 sunt
894 2151 971 2215 bec:
994 2151 1079 2234 quod
1094 2170 1151 2233 pro
1167 2149 1321 2233 quelibet

280 2266 399 2350 tymino
422 2266 533 2330 saliunt
555 2265 660 2347 aquati
682 2283 809 2338 eorum,
835 2263 1061 2345 persoluentur.
1077 2262 1213 2326 ecclesiis
1236 2271 1318 2325 ecto

281 2395 401 2451 merce,
423 2383 554 2456 excepte
569 2377 664 2438 deme
677 2374 841 2456 hospitalis
849 2373 1141 2457 Hyeresolimiteni‚
1160 2381 1193 2436 et
1207 2373 1320 2438 eccle·

280 2487 335 2552 siis
355 2485 520 2548 Colocensi
548 2493 580 2547 et
603 2483 787 2558 Becbiensi,
816 2485 929 2567 quibus
952 2504 1009 2566 pre
1030 2485 1169 2567 quelibet
1189 2485 1319 2566 tymino

282 2596 424 2662 dabimus
451 2595 563 2658 decem
588 2614 727 2669 merces,
758 2594 786 2656 si
810 2595 891 2658 dicte
916 2595 1049 2658 ecclesie
1076 2594 1256 2658 colocensis
1281 2603 1319 2658 et

280 2705 482 2769 Bnecbiensis
510 2707 647 2770 debeant
671 2706 797 2768 deterre
821 2703 903 2770 seles
930 2725 1004 2768 sues
1029 2707 1061 2771 in
1084 2707 1233 2788 Zegedyn
1259 2705 1316 2770 uel

281 2819 377 2892 ultra,
399 2817 536 2901 alioquin
551 2825 622 2880 octo
637 2837 757 2881 merces
774 2818 945 2880 habebunt.
966 2839 1024 2900 pro
1044 2818 1214 2881 maioribus
1230 2837 1315 2880 uero

280 2927 398 2992 salibus
412 2929 574 3012 aquaticis,
595 2930 746 2994 debemus
761 2929 890 2992 abbacie
906 2929 945 2995 de
956 2930 1057 3012 Eg-rus
1073 2929 1176 2990 XXVI
1188 2948 1314 2992 merces

207 3095 211 3100 .
280 3062 338 3123 pre
361 3041 501 3124 quelibet
524 3041 650 3116 limine,
673 3049 705 3106 et
726 3041 859 3104 ecclesie
884 3041 1051 3105 Orodiensi
1064 3040 1154 3102 XXV
1169 3039 1314 3104 similiter

280 3174 338 3236 pro
353 3153 494 3236 quolibet
508 3153 628 3216 limine.
652 3173 709 3234 pre
723 3153 839 3216 salibus
855 3172 932 3214 uero
948 3153 1149 3216 terrestribus
1165 3151 1311 3216 dabimus

280 3285 375 3328 runem
395 3283 531 3330 mercem
550 3283 608 3343 pru
630 3270 757 3326 centum
778 3263 901 3338 ruanis,
932 3261 957 3326 si
977 3263 1059 3328 seles
1078 3282 1152 3326 suns
1175 3263 1312 3324 debeant

280 3377 399 3440 hebere
419 3376 452 3437 in
473 3373 625 3447 confiniis,
647 3381 779 3454 excepte
800 3375 991 3438 monasterie
1014 3375 1045 3436 S.
1064 3373 1231 3448 (rotberdi,
1259 3373 1310 3436 eui

280 3509 339 3572 pre
355 3485 514 3566 octoginta
527 3484 634 3546 zuenis
650 3485 794 3548 dabimus
807 3505 901 3566 unam
922 3505 1067 3548 mercem.

363 3597 442 3672 (10)
464 3597 527 3656 Nes
548 3613 626 3656 uere
648 3597 877 3677 etquicunque
897 3597 991 3666 fuerit
1008 3614 1137 3678 rexprn
1151 3577 1310 3678 tempere,

281 3710 432 3772 debemus
447 3705 569 3767 mittere
584 3706 665 3770 seles
680 3707 720 3768 ed
734 3707 880 3781 confinia,
897 3708 1072 3784 secundum
1088 3716 1232 3772 tenerem
1246 3710 1311 3789 pri-

278 3817 466 3900 uilegierunt
489 3816 694 3883 ecclesiarum
714 3825 745 3881 et
767 3818 884 3900 deponi
900 3819 1015 3882 debent
1037 3821 1070 3882 in
1084 3820 1230 3882 dumibus
1245 3821 1311 3902 pri-

279 3929 518 4012 uilegiatorum,
537 3929 590 3990 ubi
611 3929 737 3992 stabunt
758 3929 817 3992 sub
838 3927 948 4012 sigillis
969 3930 1195 3993 salinariorum,
1208 3951 1310 4012 usque

280 4043 325 4122 ed.
334 4039 492 4124 predictos
506 4039 667 4104 termines.
696 4046 728 4104 et
742 4039 855 4123 eedem
869 4041 963 4104 modo
978 4041 1084 4107 nmnie
1101 4049 1271 4108 seruentur
1291 4061 1310 4104 e

279 4153 376 4222 nobis
385 4159 416 4216 et
429 4151 469 4236 eb
483 4150 578 4233 ipsis,
599 4151 679 4217 sieut
693 4151 810 4216 dictum
825 4160 873 4214 est
886 4152 919 4222 in
933 4151 1074 4220 terminis
1093 4173 1190 4235 supra
1205 4152 1310 4224 dictis.

360 4263 441 4338 (11)
460 4263 603 4350 Ecclesie
624 4282 702 4326 uere
716 4260 899 4330 retinebunt
910 4263 950 4328 de
965 4263 1081 4340 salibus
1096 4265 1162 4348 suis
1177 4264 1218 4330 ed
1232 4284 1308 4330 usus
