2920 4758
179 377 272 424 snum
289 375 330 424 rr.
344 375 434 422 eruis
448 377 597 424 ausuras
612 377 769 424 uosrrruu
783 381 815 424 rr
828 380 991 426 recusum.
1019 361 1108 428 libb.
1149 363 1211 429 1255

174 538 212 593 et
234 531 286 594 die
307 529 391 592 louis
416 529 611 604 celebretur,
641 538 673 594 et
697 538 843 612 preterea
865 531 968 594 lorum
994 533 1211 616 quotidianum

175 639 323 722 quotidie
338 640 502 705 habeatur.

264 747 328 832 (19)
350 751 542 814 Uniuersitas
558 771 634 814 uero
647 751 781 816 ciuitatis
793 753 971 835 supradicte
986 755 1075 818 uobis
1088 763 1211 820 tenetur

173 865 220 928 ad
234 863 367 927 seruicia
382 863 603 956 infrascripta:
626 883 696 926 cum
712 865 796 926 enim
810 885 867 928 rex
878 865 1099 948 Hungarorum
1115 888 1212 950 expe·

176 976 338 1038 dicionem
352 976 392 1038 ad
406 984 511 1058 partes
527 976 708 1051 maritimas,
722 977 775 1040 uel
786 976 978 1042 Carintbiem
991 979 1042 1040 uel
1052 980 1209 1044 Austriam

174 1086 287 1149 facere
308 1085 460 1162 uoluerit,
481 1087 554 1150 dicti
579 1087 667 1150 ciues
682 1087 793 1152 decem
815 1088 929 1152 milites
945 1089 1066 1152 mittere
1082 1098 1212 1154 teueen-

175 1201 231 1260 tu'r
246 1215 316 1262 cum
331 1197 425 1260 armis
440 1197 623 1262 militaribus
638 1207 813 1282 apparatos,
831 1207 977 1280 preterca
991 1201 1118 1267 domino
1132 1203 1211 1284 regi,

177 1309 308 1391 quando
323 1308 427 1390 ipsum
440 1307 513 1372 illuc
527 1308 573 1370 ire
589 1311 801 1391 contingeret,
823 1309 940 1374 debent
954 1313 1029 1374 dare
1044 1332 1101 1393 pro
1118 1332 1211 1394 pran-

177 1419 232 1482 dio
250 1420 414 1482 duodecim
436 1419 550 1494 boues,
571 1419 655 1482 mille
672 1439 768 1503 panes
786 1428 819 1483 et
833 1429 969 1502 quatuor
983 1421 1116 1486 tunellas
1130 1423 1210 1498 uini,

177 1531 253 1596 duci
267 1538 372 1595 autem
386 1532 485 1594 tocius
501 1532 683 1606 Selauonie,
705 1531 731 1594 si
754 1532 793 1595 sit
807 1533 847 1596 de
862 1534 949 1614 prole
963 1533 1066 1614 regia,
1088 1535 1209 1596 medie-

176 1652 275 1708 tatem
289 1644 503 1725 predictorum
519 1643 594 1706 dare
608 1650 765 1706 tenentur.

262 1751 328 1836 (20)
349 1756 435 1816 Bano
459 1775 538 1817 uero
560 1775 617 1836 pro
640 1764 784 1838 tempore
803 1757 988 1832 constituto,
1017 1777 1082 1822 non
1103 1765 1209 1824 tamen

176 1867 345 1940 uicebano,
366 1865 445 1928 nihil
467 1867 552 1928 aliud
571 1867 696 1929 soluere
719 1875 895 1943 teneantur,
915 1867 976 1932 nisi
997 1869 1030 1930 in
1053 1869 1209 1951 principio

175 1977 324 2040 introitus
344 1977 477 2040 banatus
497 1997 596 2039 unum
617 1978 748 2050 bouem,
776 1985 901 2043 centum
924 1997 1039 2060 panes,
1060 1979 1208 2044 tunellum

177 2107 275 2152 unam
291 2089 372 2161 uini,
394 2089 493 2150 semel
507 2089 657 2170 quamdiu
672 2090 833 2152 domuerit
851 2090 883 2150 in
898 2091 1024 2152 benetu.

262 2196 326 2280 (21)
348 2201 430 2262 Sane
446 2200 486 2261 eb
501 2199 644 2262 omnibus
665 2199 731 2260 istis
751 2199 892 2262 seruiuiis
911 2219 1012 2278 usque
1031 2199 1209 2281 quinquen·

176 2312 266 2374 nium
280 2318 373 2386 erunt
386 2309 477 2373 liberi
491 2319 524 2374 et
536 2312 701 2386 immanes,
718 2317 876 2374 trausacto
891 2310 1107 2392 quinquennio
1120 2318 1208 2374 tene-

175 2425 305 2486 buntur.

261 2532 325 2616 (ᾗ)
347 2536 425 2598 Item
445 2535 543 2598 iidem
565 2536 650 2598 ciues
672 2536 835 2598 uoluntate
857 2542 1033 2617 spontanea
1055 2553 1206 2617 superse

177 2654 404 2720 assumserunt,
419 2647 505 2729 quod
515 2647 663 2728 expensis
678 2647 812 2729 propriis
824 2648 940 2710 dictum
953 2653 1093 2710 montem
1104 2646 1208 2711 Grecb

174 2778 271 2824 muro
282 2759 463 2821 firmissimo
477 2759 718 2824 communirent.

260 2867 325 2952 (23)
347 2872 396 2934 ild
416 2870 683 2934 sustentucionem
704 2877 809 2932 autem
829 2869 988 2950 hospitum
1010 2869 1043 2930 in
1064 2869 1206 2950 predicto

176 2993 286 3048 monte
300 2983 514 3046 babitancium
530 2983 672 3044 dedimus
686 2989 803 3044 terram
817 2979 902 3042 circa
915 2980 1052 3041 eundem
1066 2985 1206 3042 montem

177 3097 302 3170 Grecb,
324 3104 497 3160 statuentes
513 3115 582 3156 cem
598 3095 716 3156 eisdem
733 3091 907 3174 hospitibus
928 3089 1094 3156 subsertis
1115 3090 1207 3154 motis

178 3216 211 3274 et
225 3208 378 3272 distinctis
392 3215 547 3289 perpetuo
563 3206 794 3288 possidendam.

261 3319 300 3382 Ut
320 3317 417 3401 igitur
440 3311 524 3380 diota
546 3315 707 3380 ordinacio
730 3322 849 3378 nostra·
861 3322 893 3378 et
904 3314 1060 3376 dictorum
1077 3313 1206 3378 libertas

177 3429 337 3514 hospitum
357 3429 446 3490 lirma
468 3436 500 3490 et
521 3424 710 3488 inuiolabilis
733 3433 887 3508 perpetuo
908 3433 1107 3506 perseueret,
1132 3444 1208 3506 pre·

179 3560 252 3604 sens
276 3541 322 3602 eis
346 3538 548 3620 priuilegium
569 3537 792 3610 concessimus,
813 3555 909 3598 auree
928 3535 1013 3598 bulle
1033 3535 1207 3604 munimine

180 3659 332 3734 perpetuo
349 3647 588 3712 confirmantes.¹
604 3649 716 3708 Datum
728 3645 816 3728 apud
825 3645 1007 3718 Vereucba‚
1023 3663 1081 3726 per
1095 3663 1207 3710 munus

98 3775 105 3786 ’
178 3761 318 3843 magistri
331 3758 510 3832 Benedicti,
532 3757 682 3840 prepositi
695 3755 850 3830 Alliensis,
870 3755 943 3818 aule
960 3763 1067 3818 nostre
1082 3755 1207 3820 cancel-

177 3869 264 3946 larii,
285 3868 379 3934 electi
397 3870 431 3932 iu
451 3868 725 3952 archiepiscopum
738 3864 955 3930 Colocenscm.
996 3865 1088 3930 Anno
1103 3866 1206 3928 incar·

177 3982 319 4046 nacionis
349 3981 504 4044 dominice
530 3981 695 4044 millesimo
720 3978 936 4044 ducentesimo
965 3977 1206 4059 quadragesimo

177 4094 329 4158 secundo.
343 4092 425 4156 XVI.
438 4091 566 4160 kalend.
586 4091 780 4166 Decembris,
794 4089 998 4172 regnantem
1009 4086 1109 4154 nostri
1122 4104 1206 4151 auno

178 4214 303 4272 octauo.

436 4281 440 4285 '
511 4285 873 4310 w
