2920 4758
440 407 593 462 ermerus
614 410 774 463 romnus.
804 393 893 462 teos.
1119 397 1179 466 tot

148 565 393 650 permutabilem
408 567 563 648 conspicit
582 587 779 650 permanere.
803 587 841 635 ea
864 577 992 651 propter
1014 579 1180 652 presentes

147 679 301 742 nouerint
321 686 354 741 et
374 679 486 754 futuri,
514 681 600 762 quod
622 683 808 745 accedentes
830 683 870 744 ad
892 691 1029 744 nostram
1050 703 1181 764 presen-

149 791 233 856 cium
248 791 352 854 dilecti
366 789 478 855 fideles
494 793 598 854 ¹nostri
611 793 700 857 ciues
714 794 887 867 Norenses,
901 793 1062 857 humiliter
1076 805 1107 858 et
1123 796 1179 858 de-

148 908 226 971 uote
245 900 339 968 nobis
358 901 588 982 supplicarunt,
610 903 696 984 quod
716 903 874 966 ciuitatem
894 905 1033 984 ipsorum
1054 905 1181 986 'predic-

148 1019 232 1085 tam,
253 1032 315 1093 que
337 1031 464 1094 semper
485 1013 677 1094 genitoribus
697 1013 813 1077 nostris
833 1015 1091 1078 recordacionum
1111 1017 1182 1080 ieli-

149 1121 253 1196 cium,
275 1121 355 1184 diuis
378 1121 502 1204 regibus
526 1130 557 1184 et
578 1143 677 1204 regno
696 1123 798 1186 fidelis
816 1118 1111 1189 incommutabiliter
1125 1147 1181 1190 ex-

149 1232 229 1314 titit,
250 1232 366 1294 nostris
380 1231 568 1314 specialibus
588 1233 810 1315 insigniremus
823 1235 944 1316 graciis,
967 1243 1000 1298 et
1012 1254 1181 1300 conserua-

149 1363 260 1412 remus
278 1342 314 1406 in
327 1341 614 1407 suis-libertatibus
635 1351 667 1406 et
681 1345 960 1409 consuetudinibus
981 1347 1127 1428 antiquis,
1150 1355 1184 1414 et

150 1455 334 1522 comitatum
354 1453 467 1518 eidem
479 1453 596 1516 ciuitati
616 1457 822 1536 pertinentem
838 1457 928 1520 metis
944 1457 1180 1539 designaremus

150 1563 278 1638 debitiS,
294 1582 340 1626 ¹ne
354 1565 387 1624 in
405 1583 557 1646 processu
573 1584 761 1648 quocunque
777 1568 927 1648 temporis
940 1569 1040 1648 possit
1054 1589 1110 1649 per
1124 1569 1180 1632 ali-

150 1696 233 1758 quos
247 1675 368 1739 uicinos
383 1674 481 1754 ipsius
493 1675 641 1756 occupari
654 1685 761 1738 eontra
776 1677 970 1742 uoluntatem
981 1686 1012 1740 et
1024 1679 1180 1742 iusticiam

150 1785 285 1848 ciuitatis
310 1793 341 1846 et
363 1784 479 1846 ciuium
501 1786 685 1847 eorundem.
718 1805 776 1847 nos
789 1787 894 1868 itaque
909 1786 1049 1869 ipsorum
1064 1789 1179 1852 ciuium

148 1895 303 1966 fidelitate
324 1903 512 1976 conspecta,
539 1915 633 1976 quam
655 1913 710 1958 eos
730 1896 910 1978 perplures
932 1898 1067 1961 barones
1088 1899 1179 1980 regni

148 2007 268 2080 nostri,
290 2006 460 2072 existentes
473 2005 661 2087 inpartibus
679 2006 852 2081 maritimis,
873 2009 914 2070 ad
927 2028 986 2070 nos
1001 2016 1032 2070 et
1045 2029 1179 2090 regnum

148 2099 295 2180 nostrum
309 2116 581 2198 semperrgessisse
597 2117 812 2198 cognocimus,
832 2117 1022 2198 peticionem
1037 2118 1179 2200 ipsorum

150 2229 333 2302 admisimus
356 2247 526 2310 generose,
547 2227 694 2294 uolentes
715 2235 746 2290 et
765 2228 797 2290 id
816 2227 1001 2293 auctoritate
1020 2229 1108 2312 regia
1123 2231 1179 2292 de-

150 2346 335 2404 cernentes:
479 2409 484 2416 ,
1018 2405 1020 2410 .

233 2447 280 2532 (1)
300 2451 386 2532 quod
401 2470 419 2514 a
434 2451 528 2514 modo
542 2451 574 2512 in
591 2457 775 2532 perpetuum
789 2450 848 2532 ipsi
860 2451 945 2514 ciues
961 2452 1001 2514 ad
1015 2471 1106 2514 suam
1118 2472 1177 2514 uo-

148 2563 302 2646 luntatem
316 2562 439 2643 possint
454 2561 539 2629 omui
554 2570 694 2644 tempore
710 2563 826 2646 eligere
841 2563 987 2626 comitem
1005 2565 1063 2626 sibi
1077 2566 1178 2628 unde·

150 2691 276 2754 cunque
291 2657 463 2748 noluerint,
485 2673 640 2754 quieiues
654 2675 826 2736 secundum
843 2676 1087 2738 consuetudines
1101 2675 1179 2738 ciui·

147 2784 220 2847 tatis
233 2783 345 2864 ipsius,
367 2785 500 2846 eandem
516 2803 551 2848 ae
566 2801 657 2850 suune
673 2785 853 2846 comitatum
868 2793 899 2847 et
912 2794 1051 2852 tenutam
1067 2794 1098 2848 et
1113 2807 1177 2854 non
1221 2809 1224 2816 ·

149 2883 369 2956 aliter'debeat
382 2893 542 2977 iudicare,
557 2901 588 2958 et
602 2895 689 2975 quod
703 2893 808 2970 nullus
819 2895 898 2970 dux,
911 2897 1010 2958 banus
1026 2897 1077 2958 uel
1090 2897 1177 2958 uice-

148 3007 250 3068 benus
276 3013 384 3067 noster
405 3005 490 3086 ipsos
513 3005 598 3068 ciues
620 3005 708 3067 Nono
734 3005 773 3066 ad
796 3025 887 3068 suum
909 3004 1058 3068 iudicium
1080 3007 1178 3088 possit

148 3135 265 3180 uocare
279 3115 332 3177 uel
347 3135 460 3197 cogere
476 3100 665 3198 qdacunque
681 3117 720 3178 de
736 3135 845 3190 causa,
864 3123 895 3179 et
909 3117 968 3180 nisi
983 3135 1090 3182 coram
1103 3139 1177 3200 pre-

150 3227 233 3290 dicto
245 3225 387 3306 ipsorum
399 3227 512 3288 comite
526 3227 558 3288 in
570 3227 695 3290 ciuitate
706 3228 793 3290 Nono
809 3234 840 3290 et
853 3249 916 3291 nou
931 3229 1005 3295 alibi
1015 3230 1177 3294 existente.
1229 3219 1230 3224 ἵ

235 3335 281 3419 (2)
302 3336 450 3399 Uolumus
466 3338 566 3400 eciam
582 3339 666 3419 quod
686 3337 789 3402 nullus
812 3340 890 3414 dux,
910 3341 1010 3402 banus
1026 3341 1078 3405 uel
1091 3340 1177 3404 uice-

149 3449 249 3510 banus
264 3455 389 3522 noster,
412 3455 465 3510 aut
478 3448 555 3509 baro
570 3448 752 3530 quicunque
767 3450 855 3530 regni
870 3451 981 3523 nostri,
1002 3451 1057 3532 qui
1071 3457 1178 3515 noster

150 3569 233 3624 essct
254 3558 391 3620 uicarius
411 3559 444 3620 iu
464 3558 604 3640 partibus
617 3557 781 3628 maritimis
798 3581 853 3639 pro
869 3567 1011 3642 tempore
1026 3561 1177 3623 constitu·
1228 3551 1229 3556 ¹

149 3679 215 3744 tus„
224 3671 321 3752 possit
336 3690 358 3740 a.
368 3669 495 3751 ciuitate
510 3677 541 3735 et
555 3669 676 3736 ciuibus
690 3671 781 3732 Nune·
794 3670 923 3752 aliquod
937 3671 1107 3735 seruicium
1124 3673 1178 3736 uel

149 3783 331 3856 exactiones
347 3801 551 3864 quascunque
571 3789 697 3864 petere,
717 3781 777 3842 uisi
792 3789 912 3856 tautum
925 3781 1022 3847 semel
1036 3783 1071 3844 in
1082 3803 1179 3858 enno,

149 3893 178 3956 si
190 3913 264 3956 eum
284 3893 397 3968 uenire
410 3891 570 3974 contingat
589 3891 623 3954 in
642 3889 801 3970 ciuitatem
818 3891 924 3966 None,
943 3911 1002 3973 pro
1016 3893 1112 3974 regiis
1124 3891 1180 3968 uel

148 4004 239 4086 regni
252 4003 406 4087 negociis,
420 4022 594 4086 expensam
607 4001 806 4096 protriginta
819 4003 962 4084 personis
976 4003 1069 4072 unius
1083 4024 1178 4085 pran-

150 4116 193 4180 dii
206 4115 285 4194 siue
308 4137 396 4193 eene.
423 4135 482 4188 nec
505 4115 574 4198 ipse
595 4115 676 4190 dux,
701 4115 802 4179 banus
818 4115 869 4180 uel
883 4113 1054 4180 uicebanus
1069 4122 1177 4184 noster

149 4235 203 4296 out
229 4229 366 4296 uicarius
390 4227 582 4315 quicumque
608 4247 680 4296 cum
707 4227 826 4297 mucre
853 4227 1017 4294 hominum
1042 4245 1176 4294 numero
