2946 4756
291 425 317 471 s.
332 425 477 471 rrnrsnar
494 425 586 470 neers
610 425 777 472 numenurr
797 425 832 469 r„
849 424 930 470 arro
951 424 1050 470 nucu.
1125 408 1187 472 327

235 579 281 664 (2)
303 583 348 644 Dc
368 583 413 642 lis
436 582 485 660 pri
500 583 642 643 eccillum
662 583 697 642 ia
715 581 809 642 locum
824 581 1058 658 ¹rolrropuurrrcrt
1070 579 1184 640 neorii.

154 695 185 758 Si
199 695 269 778 quis
286 702 393 756 autem
408 694 564 775 presbiter
578 693 723 756 ancillam
738 711 826 756 suam
842 692 950 754 uxoris
964 692 995 752 in
1009 691 1114 753 locum
1127 691 1186 764 silri

154 807 341 881 sociauerit,
361 806 496 880 uendat,
519 813 551 866 et
565 805 591 866 si
606 806 757 878 noluerit,
778 805 990 866 uenumdetur
1011 811 1132 876 tamen,
1155 811 1187 866 ct

154 920 294 1002 precium
311 919 378 980 eius
394 919 434 979 ad
449 917 632 999 episcopum
647 918 862 980 transferatur.

234 1026 279 1111 (3)
302 1029 347 1090 Dc
361 1031 546 1108 indulpcrrie
559 1031 783 1110 presbiterorum
797 1030 838 1090 od
851 1039 972 1108 tempor.
1002 1026 1185 1088 Preshitcris

153 1147 260 1204 autem
273 1140 329 1222 qui
343 1141 442 1220 prima
462 1148 493 1203 ct
513 1139 654 1222 legitima
669 1137 787 1202 duxere
803 1139 965 1221 coniugia,
986 1138 1186 1220 indulgencia

153 1252 191 1312 ad
206 1257 338 1331 tempus
346 1249 447 1324 datur,
462 1258 590 1331 propter
605 1250 764 1312 uinculum
779 1251 866 1332 pacis
879 1259 910 1312 et
924 1250 1075 1312 unitatem
1086 1249 1186 1312 sancti

153 1361 295 1446 spirituS,
323 1382 489 1444 quousque
510 1361 600 1423 uobis
621 1363 654 1422 in
676 1361 737 1423 hoc
760 1362 877 1424 domiui
899 1361 1063 1444 apostolici
1084 1370 1186 1440 pater-

154 1475 234 1538 nitas
250 1473 444 1537 consilietur.

236 1582 284 1666 (l)
306 1587 350 1646 Dc
365 1603 502 1648 morcaro
516 1587 716 1667 episcopcrum
734 1587 895 1649 aetralibus
915 1589 1050 1667 reparari
1068 1589 1105 1647 ul
1126 1587 1186 1648 illi-

156 1700 210 1758 citc
234 1698 383 1776 coaiupio.
428 1697 459 1758 Si
474 1697 544 1778 quis
560 1707 663 1764 autem
679 1697 917 1780 episcopusaut
932 1695 1194 1780 archiepiscopus·

155 1811 193 1871 ab
216 1809 333 1872 illicitis
358 1809 511 1890 coniugiis
533 1806 672 1892 separari
695 1811 888 1883 nolentibus,
919 1817 972 1871 aut
995 1815 1186 1872 consensum

154 1918 334 2002 prebuerit,
363 1927 416 1981 aut
438 1919 605 1984 ecclesiam
629 1919 767 1992 dederit,
799 1928 853 1982 aut
875 1921 1007 2002 aliquid,
1037 1923 1122 2004 quod
1147 1923 1186 1984 ad

35 2035 39 2052 “
156 2031 299 2092 ordinem
318 2031 459 2112 pertinet
477 2051 572 2113 agere
597 2031 935 2123 permiseritkwamrege
961 2039 993 2094 et
1015 2032 1270 2126 episcopiam·

155 2141 630 2240 ⁵⁹⁰ll⁰ll2l¹QfffilQllllle
644 2141 770 2204 uidetur
781 2141 838 2216 eis,
852 2125 1186 2207 diiudicetnrf's'i'uero

157 2253 410 2334 archipresbiter,
432 2261 464 2316 el
480 2274 536 2333 per
550 2254 714 2316 consilium
729 2255 812 2316 illius
827 2255 860 2316 iu
874 2255 927 2317 tali
941 2255 1025 2316 uicio
1041 2277 1187 2337 perman-

156 2365 246 2438 serit,
267 2363 386 2427 iudicio
401 2364 540 2445 episcopi
553 2365 730 2430 uoluntario
745 2365 930 2430 subiacebit.

238 2472 283 2556 (5)
303 2477 349 2536 Dc
362 2477 426 2538 dcte
438 2478 622 2538 ecclesiarum
640 2499 700 2540 ron
714 2481 839 2559 expleto.
884 2479 1071 2562 Quicunque
1086 2480 1187 2544 eccle-

158 2587 234 2650 siam
253 2589 317 2650 deo
339 2586 546 2663 edificauerit,
572 2597 603 2652 et
623 2589 729 2656 dotem
747 2589 971 2664 nominauerit,
992 2591 1186 2657 nominatam

158 2719 219 2764 non
241 2699 378 2774 dederit,
405 2699 445 2763 ad
466 2701 542 2762 illud
564 2701 754 2784 explendum
774 2703 957 2786 transmisso
979 2703 1093 2766 nuncio
1116 2724 1186 2786 pre-

158 2809 261 2873 ualeat
284 2810 461 2892 episcopale
483 2811 642 2874 iudicium.
679 2813 730 2876 cui
750 2813 778 2875 si
800 2814 869 2895 quis
893 2815 1132 2888 contradixerit,
1155 2823 1186 2880 et

115 2919 124 2935 ⁸
159 2921 402 2985 mutradicendo
423 2923 655 2998 uerberauerit,
675 2925 743 3006 ipse
761 2924 858 3008 regali
874 2925 990 2989 iudicio
1005 2927 1185 2990 subiacebit.

239 3033 289 3111 (6)
322 3033 366 3098 Dr
382 3036 553 3115 perdicione
573 3055 671 3098 rerum
694 3039 951 3100 ecclesiasticarum
974 3039 1008 3098 ob
1030 3039 1185 3101 securioris

158 3147 316 3208 incuriam.
360 3145 394 3206 Si
414 3147 484 3228 quis
506 3147 756 3228 presbiterorum
776 3167 827 3210 res
847 3147 981 3212 ecclesie
1002 3150 1043 3212 ud
1056 3149 1185 3230 propria

158 3255 232 3320 loca
241 3257 366 3321 duxerit
379 3265 412 3320 et
425 3256 470 3320 ihi
483 3257 678 3331 uendiderit,
701 3265 754 3320 aut
773 3278 829 3339 per
843 3259 995 3323 incuriam
1010 3279 1098 3322 suam
1114 3279 1185 3340 per-

159 3369 287 3442 diderit,
309 3368 472 3450 tripliciter
487 3370 619 3433 ecclesie
635 3371 787 3435 restituat.

242 3476 288 3560 (7)
309 3481 356 3542 Dr
367 3483 586 3548 restauracione
604 3484 800 3547 desolaturum
813 3485 995 3548 rmlmicrrm
1006 3493 1126 3564 propter
1142 3503 1185 3546 sc·

158 3593 312 3656 dicionem.
342 3592 500 3654 Ecclesiae
517 3602 646 3674 propter
656 3595 849 3658 sedicionem
864 3595 1020 3658 desolatas
1035 3604 1089 3658 aut
1101 3614 1187 3660 com·

158 3703 275 3776 brutos,
295 3703 382 3767 iussu
397 3704 483 3784 regis
499 3703 679 3784 parochiani
693 3705 867 3771 restituant·
896 3705 1186 3768 cadcesuel-uesti-

158 3823 264 3879 menta
278 3834 318 3880 cx
330 3821 457 3894 sumptu
472 3814 555 3896 regis
571 3813 696 3882 dentur.
719 3813 815 3878 libros
830 3815 996 3896 episcopus
1011 3817 1187 3896 procident.

157 3975 159 3978 .
223 3921 284 4008 ,(8)
301 3926 350 3991 De
364 3927 677 4008 omimimpmpter
689 3936 869 3993 minuatim.
911 3927 1187 3996 Ecclesiasenue-

158 4044 271 4107 trutute
287 4037 443 4104 desolatas
459 4038 625 4120 episcopus
644 4037 817 4108 reedificet.

239 4146 284 4234 (9)
306 4151 350 4218 Dr
363 4153 594 4233 mercatoribus
609 4169 679 4232 qnos
693 4150 1028 4234 remeliorandum.
1070 4155 1117 4216 De
1126 4171 1190 4214 ne·

161 4262 370 4346 gociatcrilrus
379 4284 464 4349 quos
479 4260 843 4348 appellantirnrerirss,
861 4264 899 4329 si
913 4271 985 4348 post
998 4263 1186 4352 baptismum
