2924 4758
393 405 418 452 s.
433 407 575 452 11011111
596 383 687 454 neers
707 409 874 454 0111111011
895 390 947 456 111.’
1120 392 1179 460 att

231 669 281 756 (ll
303 673 349 734 De
369 673 583 735 centurionibus
605 676 793 736 comitatuum
813 685 839 762 ct
859 674 1070 738 decurionibus.
1113 675 1182 739 Hoc

146 787 381 859 decreuerunt,
402 785 484 848 hanc
499 784 602 869 legem
618 787 862 848 constituerunt:

231 906 265 962 ut
290 899 426 960 nuncius
451 885 534 980 regis
560 918 617 978 per
639 917 748 959 omnes
773 898 914 960 ciuitates
937 899 1098 981 dirigatur,
1128 899 1182 982 qui

144 992 321 1097 congreget
335 1009 536 1086 centuriones
550 1017 583 1071 et
598 1010 783 1096 decuriones
800 1029 908 1072 eorum
921 1011 974 1094 qui
989 1011 1085 1093 uulgo
1097 1012 1181 1074 Ewri

143 1129 311 1196 uocantur,
333 1141 403 1183 cum
419 1121 564 1184 omnibus
581 1121 639 1184 sibi
655 1107 838 1196 commissis,
860 1130 891 1185 et
905 1114 1060 1205 precipiat
1075 1123 1130 1197 cie,
1147 1133 1181 1186 ut

144 1236 283 1316 siquem
298 1233 372 1298 furti
388 1233 576 1324 culpabilem
591 1233 705 1327 sciant,-
728 1235 903 1318 ostendant.
927 1243 957 1298 et
974 1235 1027 1317 qul
1042 1255 1100 1318 pro
1115 1237 1181 1298 cul-

144 1339 302 1436 pabilibus
318 1345 436 1406 ostensi
451 1345 581 1418 fuerint,
603 1346 629 1406 si
644 1345 729 1428 quod
744 1365 809 1407 non
824 1347 885 1408 sint
899 1345 1085 1428 culpabiles,
1099 1347 1181 1410 iudi·

146 1457 231 1518 cium
245 1435 370 1538 portare
386 1457 561 1532 uolueriut,
590 1458 740 1520 iudicium
756 1459 846 1524 detur
860 1458 931 1521 illis.
946 1477 1102 1542 :quosque
1123 1481 1182 1524 no·

145 1569 337 1632 minauerint
347 1569 439 1643 11111,
450 1569 493 1632 1111
506 1570 688 1651 parciantur
699 1572 756 1632 sub
768 1573 935 1634 decenario
947 1591 1090 1651 numera,
1101 1593 1180 1654 quo·

145 1701 219 1745 rum
239 1701 320 1744 unus
341 1701 399 1764 pro
415 1682 523 1744 decem
545 1689 650 1764 portat
663 1684 823 1746 iudicium.
850 1685 903 1770 qui
917 1685 942 1746 si
956 1683 1051 1747 fuerit
1065 1683 1180 1759 saluus,

145 1791 261 1875 reliqui
275 1811 392 1855 nouem
406 1793 483 1854 salui
497 1793 584 1856 liant.
610 1791 659 1854 sin
674 1803 795 1868 autern,
817 1815 933 1858 nouem
952 1803 1079 1877 portent
1097 1797 1181 1858 iudi·

145 1905 230 1982 cium
254 1905 469 1988 unusquisque
490 1923 548 1987 pro
564 1925 609 1967 se.
638 1905 692 1967 ille
708 1913 812 1968 autem
829 1905 881 1988 qui
897 1923 954 1989 pro
970 1905 1086 1970 nouem
1099 1905 1182 1970 ludl-

146 2017 230 2079 ci'um
252 2018 438 2098 portauerit,
459 2017 528 2099 ipse
544 2015 642 2079 eciam
657 2017 719 2099 pro¹
733 2038 767 2080 se
785 2025 891 2100 portet
906 2039 1005 2101 aeque
1021 2019 1181 2082 iudicium·

230 2136 302 2210 post
322 2129 383 2191 hec
404 2127 615 2211 inquinatura
637 2131 758 2192 cunctis
779 2130 978 2213 optimatibus
1002 2137 1033 2193 et
1051 2131 1181 2214 populo,

149 2242 175 2303 si
187 2260 281 2322 quam
295 2239 403 2302 uillam
418 2220 517 2304 sciant
531 2241 613 2304 lurto
627 2242 827 2304 diffamatam.
850 2249 880 2306 et
891 2242 917 2303 si
929 2261 1024 2322 quam
1036 2241 1184 2315 dixerint,

150 2353 233 2444 dicat
255 2352 389 2420 nuncius
411 2349 496 2436 regis
519 2351 652 2428 uillanis,
677 2361 711 2416 ut
733 2365 811 2435 quos
833 2353 919 2416 iures
940 2351 1040 2415 sciant
1058 2354 1090 2415 in
1111 2353 1181 2428 illa,

148 2453 219 2528 illos
241 2463 384 2529 reddant.
413 2467 492 2548 quos
512 2467 616 2528 autem
639 2457 849 2541 reddiderint,
870 2467 897 2528 si
918 2466 1034 2529 iudicio
1049 2487 1082 2529 se
1097 2465 1180 2532 uelle

150 2577 322 2640 defendere
338 2577 488 2652 dixerint,
513 2597 553 2640 ne
577 2577 811 2659 prohibeantur.
841 2580 897 2642 sed
913 2575 1067 2662 qui'iures
1083 2581 1180 2644 multo

149 2693 243 2752 antea
257 2689 355 2752 auditi
369 2689 510 2763 fuerant,
531 2689 590 2751 illis
606 2709 807 2772 nequaquam
823 2691 915 2754 detur
928 2691 1090 2753 iodicium.

233 2809 378 2881 preterea
398 2801 540 2864 eiusdem
564 2801 639 2863 111111
665 2801 773 2863 uillani
796 2803 987 2883 perdecem
1013 2811 1045 2865 et
1070 2803 1181 2866 decem

150 2913 341 2986 diuiduntur,
357 2921 388 2975 et
399 2913 539 2976 decimus
554 2927 611 2996 pro
625 2933 740 2976 nouem
756 2922 859 2994 portet
870 2913 1029 2976 iudicium.
1051 2915 1077 2976 si
1088 2903 1182 2978 luerit

148 3027 217 3108 ipse
233 3025 378 3112 mundus,
399 3023 511 3109 reliqui
526 3045 642 3088 nouem
657 3025 766 3088 mundi
782 3027 852 3088 sint.
880 3025 906 3088 si
923 3025 1086 3107 culpabilis
1101 3027 1182 3090 sicut

148 3157 245 3216 supra
261 3137 394 3199 diximus
410 3137 626 3219 unusquisque
652 3155 708 3218 pro
723 3157 757 3200 se
772 3143 893 3219 portet,
915 3137 1054 3201 decimus
1076 3145 1180 3201 autem

149 3249 205 3332 qui
215 3251 272 3332 pro
284 3270 399 3312 nouem
411 3259 607 3334 portauerat,
621 3251 757 3332 ipsemet
772 3268 874 3332 aeque
887 3249 1004 3314 iudicio
1020 3251 1181 3332 probetur.

218 3363 333 3426 deinde
342 3363 475 3427 nuncius
487 3363 570 3445 regis
581 3365 619 3426 de
631 3363 707 3426 uilla
717 3363 750 3424 in
761 3363 868 3424 uillam
879 3365 984 3438 uadat,
992 3363 1180 3427 sciscitando

149 3475 321 3550 euillanis,
342 3484 377 3538 ut
398 3475 451 3538 ubi
471 3475 574 3538 furem
596 3475 712 3550 sciunt,
735 3483 920 3539 monstrent.
950 3483 1058 3538 notum
1080 3476 1181 3566 eciam

149 3577 258 3662 saciat,
273 3589 372 3650 tocius
388 3587 521 3672 Ungarie
538 3588 694 3670 principes
710 3595 941 3651 sacramentum
956 3584 1079 3663 fecisse,
1094 3589 1181 3670 quod
1202 3591 1211 3603 “

150 3719 256 3781 neque
278 3699 339 3762 luri
361 3707 504 3781 parcant,
526 3719 629 3783 neque
645 3699 746 3762 celent
761 3719 844 3762 eum.
872 3699 932 3782 ipsi
947 3716 1074 3783 quoque
1095 3701 1182 3762 simi·

142 3812 222 3875 11111
246 3806 372 3875 iaciant.
404 3798 437 3876 et
459 3813 485 3874 si
509 3811 616 3874 rustici
640 3808 777 3874 dixerint
799 3813 1016 3875 iusiurandum
1040 3808 1182 3876 11111110

151 3915 340 3998 obseruare,
362 3933 428 3988 turn
443 3925 609 3988 ostendant
623 3921 724 4000 iures,
746 3920 801 3987 ubi
814 3925 926 3988 sciunt.
959 3925 1016 3988 sed
1030 3925 1056 3987 si
1073 3933 1183 4007 postca

151 4035 264 4120 aliquis
279 4036 364 4099 fures
380 4035 498 4100 celasse
514 4057 569 4100 eos
584 4037 797 4112 accusauen‘l,
825 4045 857 4100 et
873 4037 916 4102 111
930 4037 1049 4120 periuri
1062 4037 1182 4100 inuenti

150 4147 285 4225 11111101,
306 4170 364 4234 pro
379 4151 630 4216 commutacione
650 4151 757 4236 lingue
778 4153 889 4217 decem
907 4171 1020 4237 pensas
1041 4151 1181 4226 soluaut,

151 4269 185 4327 et
199 4247 374 4328 cannonice
387 4264 560 4348 peniteant.
