2924 4758
419 465 444 512 s.
459 467 602 513 aluisus!
622 466 713 514 auore
734 467 902 514 oucuuruu
922 467 968 512 ιιι.
1148 448 1210 512 atr

174 643 255 687 uero
279 622 306 684 si
325 621 434 684 itidem
456 621 569 686 fecisse
591 623 793 706 probabitur,
821 622 1050 705 quinquaginta
1069 619 1208 704 quinque

174 754 292 820 pensus
306 733 477 817 persoluat.
502 733 595 797 simili
613 735 707 797 modo
722 733 884 810 iubemus,
904 741 939 797 ut
953 733 1006 816 qui
1020 734 1209 816 usucapcio·

174 869 234 911 nes
258 847 418 910 tenuerint
442 853 464 908 'a
489 855 630 928 tempore
654 847 738 930 regis
762 845 856 921 Bele,
895 865 995 929 usque
1025 846 1065 908 ad
1094 845 1208 908 festum

174 979 200 1022 s.
216 959 367 1040 Stephani
382 959 546 1021 dimittant.

259 1067 325 1152 (Ἠ)
348 1071 392 1132 Dc
410 1073 456 1132 itis
476 1073 526 1151 qui
543 1071 686 1150 recipient
699 1091 815 1132 sucum
829 1073 875 1132 oet
888 1071 967 1138 lixas
981 1072 1113 1132 atterius.
1156 1069 1209 1131 ln-

174 1183 359 1247 terdicimus
383 1183 483 1244 eciam
510 1190 543 1245 ut
564 1181 668 1244 nullus
693 1183 826 1264 recipiat
849 1203 977 1246 seruum
1002 1183 1130 1246 alterius
1155 1181 1208 1244 uel

173 1285 263 1358 lixas.
291 1295 317 1358 si
332 1295 488 1378 quispiam
512 1302 617 1358 autem
639 1295 811 1377 receperit,
833 1296 858 1358 si
875 1313 982 1359 comes
996 1295 1108 1377 fuerit,
1128 1295 1209 1360 sciet

174 1427 209 1471 se
226 1407 391 1492 dupliciter
402 1387 472 1469 cum
484 1407 711 1490 quinquaginta
723 1407 862 1490 quinque
877 1405 984 1490 peneis
997 1403 1208 1480 redditurum,

175 1519 202 1580 si
221 1517 372 1598 minister,
394 1517 561 1600 dupliciter
576 1537 647 1579 cum
667 1518 779 1601 uiginti
800 1517 939 1602 quinque
962 1517 1077 1600 pensis,
1098 1517 1125 1579 si
1139 1502 1207 1600 pie-

173 1630 275 1703 beius,
287 1628 453 1711 dupliciter
467 1649 538 1692 oum
553 1629 693 1713 quinque
710 1628 824 1712 pensis.
852 1631 938 1715 quod
952 1625 980 1692 si
992 1637 1140 1712 receptus
1153 1627 1208 1692 uel

173 1761 233 1824 pro
248 1741 331 1803 furto
346 1739 399 1804 uel
419 1740 524 1824 aliquo
539 1741 668 1804 crimine
689 1742 831 1817 latuerit,
853 1750 884 1805 et
901 1749 1047 1824 receptor
1062 1743 1205 1804 conscius

173 1860 280 1916 reatus
294 1851 376 1915 illius
392 1853 505 1926 fuerit,
527 1859 559 1916 et
573 1854 736 1936 negauerit
751 1855 784 1916 se
799 1854 899 1916 fuisse
914 1853 1090 1929 conscium,
1110 1855 1137 1917 si
1152 1874 1207 1918 co-

173 1977 241 2028 mes
266 1971 330 2040 est,
361 1962 538 2028 iuramento
564 1985 597 2028 se
618 1973 744 2047 purget,
777 1974 808 2028 et
828 1966 958 2049 iusuper
979 1967 1206 2050 quinquaginta

173 2079 313 2161 quinque
336 2094 451 2160 pensas
475 2078 646 2162 persoluat.
680 2079 706 2140 si
729 2095 808 2141 uero
830 2079 984 2162 plebeius,
1006 2079 1099 2141 simili
1120 2080 1205 2142 iura-

172 2195 281 2252 mento
304 2197 465 2271 purgetur,
487 2197 518 2252 et
539 2190 679 2272 quinque
701 2209 816 2272 pensas
838 2197 1015 2272 componat.
1042 2198 1073 2254 et
1088 2189 1205 2272 siquid

173 2310 284 2364 contra
299 2321 372 2364 eum
385 2301 464 2364 latro
479 2301 722 2384 proclamauerit
730 2347 740 2376 ,
762 2301 957 2364 exaudiatur.

256 2410 321 2497 (23)
343 2415 387 2475 De
401 2415 496 2476 iudice
509 2425 600 2477 erecto
615 2423 640 2476 et
653 2415 817 2478 constituto.
857 2413 889 2476 si
904 2414 974 2497 quis
988 2411 1127 2477 iudicum
1140 2433 1206 2478 nou

173 2525 322 2590 diffiniuit
341 2517 490 2608 litigium,
513 2533 683 2608 autequam
706 2525 772 2589 eius
795 2533 936 2612 potestas
959 2527 1130 2603 auferatur,
1150 2547 1207 2591 ue·

172 2639 239 2701 uiat
259 2639 298 2700 ed
317 2638 453 2700 iudicem
475 2637 691 2713 coustitutum,
713 2645 745 2700 et
759 2638 838 2701 sicut
852 2638 993 2702 iudicare
1009 2639 1207 2724 disposuerat

173 2770 246 2814 cum
260 2770 299 2814 eo
314 2751 479 2826 discernat,
495 2759 526 2832 et
540 2751 654 2814 exinde
669 2751 800 2833 recipiat
817 2769 935 2814 nouam
952 2759 1071 2834 partem
1086 2751 1203 2826 iudicii,

172 2863 273 2926 iudex
285 2883 362 2926 uero
378 2863 541 2926 decimam.

246 2972 329 3057 fidi)
351 2977 493 3057 Desotsis
506 2977 661 3040 iudicibus.
684 2976 715 3038 Si
730 2977 784 3060 qui
799 2975 870 3038 salsi
892 2967 1011 3039 iudices
1034 2977 1066 3038 in
1085 2975 1207 3039 occulto

175 3085 318 3150 iudicare
328 3087 445 3170 aliquid
453 3093 730 3170 cognoscerentur,
744 3087 1066 3170 presenteuturiudici
1077 3089 1109 3150 in
1120 3087 1208 3150 cuius

175 3199 311 3262 termino
325 3201 443 3284 reperti
458 3201 583 3276 fuerint,
594 3201 806 3284 inquisitoque
821 3203 861 3264 ab
876 3201 921 3264 eis
934 3199 1092 3263 commissi
1103 3219 1209 3275 causa,

176 3313 263 3394 quod
285 3313 526 3376 diiudioaueriut
542 3313 672 3396 duplum
693 3315 843 3390 reddant,
863 3315 987 3398 ipsique
1003 3315 1114 3378 decem
1129 3333 1230 3396 penu

82 3417 90 3424 ’
176 3425 437 3506 saspcrsoluaut.

261 3533 325 3618 (25)
350 3539 396 3600 De
409 3539 503 3600 indice
517 3539 644 3618 litipium
658 3539 814 3620 differente.
859 3537 976 3620 Siquis
993 3537 1131 3601 iudicum
1147 3538 1209 3602 dis-

174 3647 283 3712 tulerit
295 3649 393 3732 litigia
406 3651 489 3712 ultra
503 3649 629 3733 triginta
644 3651 721 3725 dies,
742 3649 920 3732 uapuletur.

260 3759 324 3844 (26)
349 3763 394 3824 Dc
407 3763 550 3825 iudicibus
563 3765 690 3844 siptttom
704 3766 891 3826 mittentibus.
936 3763 1039 3828 Possit
1052 3765 1149 3830 iudex
1168 3767 1210 3828 si-

176 3871 285 3954 gillum
307 3891 400 3936 suum
421 3875 544 3952 mittere
567 3895 663 3958 super
678 3891 900 3960 quoscunque,
925 3877 1066 3960 exceptis
1088 3878 1208 3960 presbi-

173 3983 252 4047 teris
267 3991 299 4048 et
313 3983 445 4062 clericis,
470 4007 608 4050 necnon
623 3987 797 4056 comitibus.

258 4097 284 4160 si
299 4097 369 4182 quis
386 4105 490 4163 autem
503 4100 640 4164 iudicem
654 4101 769 4164 iniuste
784 4101 941 4166 iudicasse
955 4103 1208 4186 proclamauerit,

173 4214 206 4272 et
219 4227 284 4272 nou
297 4211 493 4292 probauerit,
519 4213 658 4296 quinque
680 4211 796 4296 peusis
818 4214 941 4296 perdat.
973 4215 1000 4278 si
1020 4233 1097 4278 uero
1112 4214 1208 4278 iudex

174 4324 337 4388 conuictus
359 4323 468 4402 luerit,
488 4325 660 4391 iudicatum
680 4326 714 4388 iu
734 4324 830 4410 duplo
845 4325 1009 4402 restituat,
1035 4333 1065 4390 et
1079 4325 1208 4410 iusuper
