2920 4758
113 403 427 459 commmodum
441 399 590 454 trarnras
604 395 761 453 nosrrrmt
776 395 816 451 nb
831 397 956 453 nstro.
981 381 1071 450 laal.
1113 378 1174 450 b35

230 563 293 640 (b)
317 563 494 626 statuentes
504 559 603 624 eciam
613 561 743 635 eisdem,
755 560 840 642 quod
853 559 954 622 nullus
964 559 1082 644 absque
1091 561 1172 623 serie

114 676 253 738 iudicii
277 677 316 739 de
340 675 415 738 uilla
434 694 544 737 eorum
565 674 694 756 ligatum
716 682 769 736 aut
790 674 930 736 uinctum
953 673 1050 754 possit
1063 693 1174 756 quem-

115 789 230 868 piam
247 787 422 850 extrahere.

230 901 290 974 (5)
316 897 356 959 Et
378 898 508 978 insuper
530 919 569 960 ne
601 897 706 980 aliquo
730 897 907 980 indigeant,
939 905 1056 959 terram
1081 899 1174 961 castri
1251 908 1257 916 '

121 1009 308 1082 eiusdem,
329 1010 454 1071 nomine
470 1010 575 1070 ...ad
590 1008 795 1071 habitandum
811 1009 944 1071 dandam
965 1009 1042 1089 ipsis
1063 1018 1174 1071 contu-

119 1123 240 1185 limus
259 1121 463 1204 integraliter,
493 1141 565 1185 eum
587 1120 665 1184 silua
685 1129 766 1184 terre
785 1121 926 1183 eiusdem
942 1122 1067 1184 nomine
1124 1166 1132 1182 .
1145 1167 1174 1197 .‚

125 1237 177 1298 de
199 1253 268 1317 qua
283 1235 392 1296 domos
415 1233 621 1296 exstruendas
642 1241 674 1296 et
687 1233 792 1300 aurias
815 1235 1026 1316 preparandus
1040 1234 1174 1300 liberum

126 1347 186 1408 eis
205 1345 408 1428 permisimus
422 1343 594 1406 arbitrium.
625 1343 738 1426 quibus
754 1343 852 1406 eciam
867 1346 1044 1408 Danubium
1065 1356 1095 1410 et
1116 1347 1174 1408 tlu-

126 1457 235 1520 uium
246 1455 391 1518 Wallrow
405 1455 573 1536 placandos
589 1455 685 1518 libere
702 1456 910 1536 permisimus.

232 1569 293 1642 (6)
314 1567 484 1629 Statuimus
499 1566 599 1630 eciam
615 1565 749 1642 eisdem,
770 1567 856 1649 quod
872 1567 980 1650 siquis
995 1568 1062 1630 uult
1075 1569 1172 1632 libere

129 1677 272 1752 ueniat,
293 1685 324 1740 et
341 1677 439 1750 libere
455 1697 525 1740 cum
547 1677 683 1742 uoluerit
704 1679 848 1740 omnibus
870 1679 965 1742 rebus
985 1679 1121 1743 uenditis
1144 1690 1175 1744 et

134 1789 293 1852 domibus
307 1790 442 1852 recedat.

136 2033 211 2076 non
229 2013 328 2093 possit
341 2013 499 2086 reuocari,
522 2011 651 2074 oonsilio
667 2021 698 2075 et
712 2029 867 2075 consensu
882 2013 1105 2096 iobbagionum
1119 2037 1177 2078 no·

138 2133 285 2186 strorum
300 2123 479 2206 presentem
494 2122 586 2205 sigilli
601 2123 698 2186 nostri
713 2122 886 2184 munimine
901 2122 1047 2186 iussimus
1062 2125 1177 2188 confir-

140 2235 245 2310 mari,
267 2237 513 2316 superaddentes
532 2235 665 2310 eisdem,
687 2236 771 2317 quod
787 2235 872 2298 nulla
887 2254 981 2296 eausa
994 2235 1077 2298 inter
1090 2237 1175 2318 ipsos

144 2349 188 2410 ad
205 2354 364 2410 certamen
379 2345 474 2410 duelli
490 2347 585 2414 debet
599 2346 778 2428 peruenire.

231 2459 300 2522 Istis
315 2467 421 2524 tanen
436 2458 653 2541 iobagionibus
668 2457 882 2540 presentibus:
904 2459 971 2522 lula
983 2461 1077 2534 bano,
1096 2460 1177 2524 tilio-

143 2591 212 2655 que
231 2571 373 2632 eiusdem
395 2569 494 2631 altero
515 2569 599 2642 lula,
620 2569 766 2651 magistro
782 2569 1028 2634 Tauernicorum
1053 2581 1177 2636 nostro·
1228 2563 1232 2566 ’
1264 2615 1268 2620 -

145 2703 230 2755 rum,
251 2680 381 2744 Nicolao
404 2680 443 2742 de
464 2680 546 2754 Zela,
567 2680 649 2762 Opoi
672 2681 710 2744 de
733 2680 839 2763 Sinaig,
859 2682 952 2744 Petro
971 2683 1010 2745 de
1021 2683 1176 2760 wallon,

145 2792 286 2874 Georgia
302 2793 342 2854 de
356 2793 478 2854 Barana
493 2794 656 2856 comitatus
672 2794 861 2867 tenentibus,
881 2801 914 2856 et
928 2794 996 2857 aliis
1010 2796 1176 2878 qrramplu-

145 2904 248 2967 rimis.
279 2904 384 2967 datum
405 2923 461 2984 per
481 2923 592 2966 manus
614 2903 754 2986 magistri
775 2903 839 2966 File
860 2905 959 2966 nostri
979 2905 1102 2968 notarii.
1136 2907 1176 2968 ab

145 3014 371 3078 inoarnaeione
387 3012 505 3076 domini
519 3034 602 3076 anno
616 3013 815 3077 MCCXXXI.
