2920 4758
267 405 327 476 lii
544 427 675 474 sarran
692 428 726 474 u.
747 425 837 474 iscis
860 426 1010 474 iuraras

349 583 428 658 (ta)
448 581 569 645 ciuibus
589 583 704 646 nostris
724 582 756 644 iu
779 581 889 644 adem
912 579 1035 644 ciuitate
1056 579 1150 645 talem
1167 579 1299 645 liberta-

266 699 328 756 lem
354 693 483 766 damus,
515 693 601 774 quod
624 692 744 754 nullum
764 691 946 754 theloneum
967 691 1093 754 soluaut
1113 711 1173 773 per
1196 699 1297 756 totam

266 813 382 868 terram
397 804 537 868 Morauie
556 811 587 866 et
600 803 762 866 Bohemie.

350 917 427 1000 (ao)
457 915 540 978 hans
565 915 664 977 eciam
690 915 865 978 libertatem
891 915 937 978 eis
961 912 1181 988 concedimus,
1207 915 1297 996 quod

267 1025 387 1090 nullum
402 1025 551 1088 tributum
565 1025 688 1086 soluant
698 1025 783 1106 ¹iufra
797 1025 827 1086 X
841 1045 951 1090 annos.

346 1137 449 1202 Huius
473 1138 521 1202 rei
544 1145 641 1201 testes
667 1144 761 1198 suat:
790 1137 920 1211 Pardus,
947 1136 1106 1210 Twrisde,
1126 1137 1297 1212 Zudomie,

267 1249 353 1322 Buu,
381 1248 496 1322 Niaco,
523 1246 676 1329 capellani
703 1247 851 1325 predicti,
872 1246 1049 1321 Schedrou‚
1070 1247 1296 1330 Marquandus.

268 1363 380 1425 Datum
395 1379 477 1424 anno
494 1359 613 1424 domiui
626 1358 792 1422 millesimo
809 1357 1000 1422 CCXXVlIl.

582 1775 759 1862 titonia
791 1777 832 1862 11.
867 1777 984 1870 litus

624 1965 949 2052 LtuERTAS·

268 2126 473 2192 HOSPlTUlll
487 2129 802 2196 Tnn'routconutt
822 2133 876 2196 DE
890 2131 1082 2195 ZATHMAR
1103 2080 1298 2198 anfflnffl.

688 2271 873 2334 MCCXXX.

641 2431 664 2481 ll
686 2446 747 2481 mss.
770 2419 919 2482 llevenesii.

351 2689 387 2749 ln
401 2673 527 2750 nomine
542 2695 648 2752 sancte
663 2689 807 2755 trinitatis
822 2698 853 2752 et
868 2691 1028 2758 indiuiduo
1045 2691 1179 2758 unitatis.

351 2799 491 2860 Andreas
526 2799 577 2860 dei
610 2799 715 2880 gracia
739 2800 918 2882 Hungarie‚
947 2802 1118 2876 Dalmacie,
1149 2803 1299 2878 Croucie,

269 2911 381 2985 Reme,
403 2911 530 2984 Seruie,
552 2911 681 2974 Gallicis
703 2909 1031 2994 Lodomeriequerex
1049 2914 1297 2996 inperpetuum.

352 3023 450 3104 Regio
473 3024 648 3094 serenitatis
676 3023 779 3105 gracie
803 3023 970 3104 plurimum
990 3027 1133 3107 expedit,
1163 3027 1236 3108 quia
1256 3047 1297 3090 ex

268 3133 357 3196 fonte
373 3135 510 3196 nascitur
524 3135 642 3217 pietas,
660 3145 697 3207 ,ut
712 3155 821 3202 omnes
835 3135 977 3217 hospites
998 3139 1039 3201 ad
1052 3137 1154 3218 sinum
1169 3159 1227 3202 sue
1241 3141 1298 3202 be-

270 3245 429 3328 nignitatis
445 3254 594 3330 tanquam
608 3247 648 3308 ad
664 3255 787 3326 portum
801 3247 907 3310 salutis
920 3249 1148 3330 confugientes,
1162 3249 1298 3332 colligat

270 3358 327 3420 sed
349 3359 426 3420 ordo
444 3357 581 3419 racionis
602 3357 795 3437 expostulat,
817 3368 851 3429 ut
871 3362 1133 3442 eospropeusins
1153 3369 1299 3444 protegat

272 3477 304 3532 et
326 3469 507 3540 confoueat,
528 3487 609 3556 quos
632 3488 806 3549 proposse
829 3491 887 3532 suo
910 3471 950 3534 ad
972 3471 1061 3554 regni
1081 3471 1245 3538 utilitatem
1267 3481 1298 3534 et

272 3599 389 3640 corone
403 3577 557 3638 honorem
570 3577 707 3659 inspexit
717 3579 1047 3653 efficaciusinherere.
1069 3583 1142 3662 hinc
1154 3584 1296 3665 estquod

271 3698 334 3752 tam
357 3688 511 3770 presentis
533 3689 624 3753 etatis
639 3709 732 3770 quam
754 3690 859 3754 future
874 3693 1061 3772 posteritatis
1080 3693 1195 3756 noticie
1208 3694 1296 3756 uolu-

272 3819 342 3862 mus
365 3799 559 3872 elucescere,
589 3801 674 3882 quod
690 3821 753 3872 ‚nos
777 3800 950 3866 charissimi
971 3805 1181 3888 progenitoris
1201 3805 1296 3875 nostri

271 3911 355 3994 regis
375 3909 467 3985 Belo,
496 3929 555 3973 nec
577 3931 641 3976 nou
662 3913 815 3978 baronum
840 3923 1020 3979 nostrorum
1047 3915 1133 3980 ducti
1157 3916 1295 3989 oonsilio,

272 4022 395 4086 dilectis
413 4029 446 4084 et
464 4021 609 4090 fidelihus
631 4025 744 4090 nostris
765 4025 941 4107 hospitibus
957 4027 1137 4092 Teutonicis
1151 4027 1191 4090 de
1206 4029 1295 4092 Zatlu

272 4155 339 4198 mar
364 4133 507 4197 Nemethi
532 4135 617 4200 iuxta
641 4137 772 4200 tlnnium
794 4141 906 4202 Zamos
930 4138 1158 4214 residentibtu,
1184 4141 1294 4226 quise

273 4246 418 4310 dicebant
434 4246 467 4310 in
481 4245 543 4310 fide
559 4248 685 4312 domine
699 4247 808 4332 regine
822 4246 937 4332 Keysle
961 4250 1001 4315 ad
1013 4249 1209 4332 Hungariam
1224 4267 1296 4316 oon·
