2924 4758
433 401 569 456 sonoros
589 403 818 458 srnrcesmrsm
839 407 941 459 rocon.
1141 390 1201 460 etl

166 561 224 628 (ol)
242 563 273 614 de
286 561 396 614 decimis
411 561 576 616 olorinorum.

166 658 223 722 (62)
242 658 272 707 de
284 655 483 707 archidiaconis.

167 750 225 815 (63)
242 749 273 800 lle
285 747 439 815 presbiterio
453 753 478 798 et
489 747 573 799 seruis
588 747 769 802 ecclesiarum.

166 841 224 907 (bl)
240 843 271 894 dc
283 843 474 908 congregandis
487 841 589 894 clericis
599 844 632 894 ud
643 850 760 896 sanctem
775 845 910 911 synodum.

507 1096 684 1136 nxrntcrunr
705 1097 860 1136 CAPlTULA·

288 1385 432 1451 SANCTI
452 1387 628 1450 SPIRITUS
653 1388 769 1451 Anslu
790 1384 908 1452 NOBIS
929 1385 1084 1452 GRACIA.

252 1683 399 1765 Inprimis
412 1682 661 1766 interpellandus
677 1690 726 1745 est
739 1703 796 1746 rex
809 1703 816 1744 τ

253 1798 309 1873 (1)
331 1807 365 1861 ut
386 1817 481 1862 cause
504 1795 690 1859 clericorum
717 1794 770 1860 uel
793 1791 1074 1858 ecclesiasticarum
1093 1813 1201 1857 rerum

167 1907 324 1972 canonice
339 1907 498 1972 finientur.

254 2021 311 2097 (2)
331 2029 366 2084 ut
381 2020 466 2084 omni
482 2019 639 2084 dominico
655 2021 705 2084 die
718 2019 753 2086 in
767 2020 938 2084 maioribus
951 2019 1093 2086 ecelesiis
1104 2041 1202 2084 euan-

168 2133 288 2218 gelium
309 2141 341 2196 et
361 2131 495 2215 epistola
514 2139 546 2198 et
564 2131 644 2196 fides
665 2140 864 2216 exponantur
876 2133 1005 2216 populo,
1025 2134 1059 2196 in
1072 2133 1202 2198 minori·

167 2245 229 2307 bus
243 2265 321 2307 uero
337 2243 479 2306 ecelesiis
493 2243 574 2324 tides
589 2252 622 2308 et
636 2245 743 2310 oracio
759 2243 927 2308 dominica.

254 2356 312 2432 (3)
333 2363 368 2418 ut
383 2355 483 2418 omnis
499 2355 634 2438 populus
649 2356 682 2418 in
697 2354 813 2436 pascha
828 2361 858 2418 et
874 2362 1077 2436 pentecosten
1100 2361 1132 2420 et
1144 2375 1200 2417 na-

168 2468 231 2532 tale
255 2468 374 2530 domini
394 2467 603 2550 penitenciam
626 2477 697 2551 agat
712 2475 744 2532 et
758 2469 977 2532 eommunicet.
1005 2465 1109 2532 cleriei
1122 2489 1200 2534 uero

167 2581 202 2644 in
217 2581 362 2644 omnibus
378 2581 548 2644 maioribus
564 2581 652 2645 festis
667 2582 907 2646 communicent.

253 2693 310 2770 (b)
330 2701 365 2758 ut
379 2713 487 2756 omnes
503 2691 707 2759 ecelesiastici
723 2691 851 2756 ordines
865 2693 898 2755 in
913 2693 1086 2760 maioribus
1101 2693 1201 2758 eecle-

169 2805 224 2867 siis
238 2804 425 2879 habeantur,
447 2813 479 2868 et
493 2803 632 2868 officium
648 2824 740 2868 suum
755 2803 932 2866 exhibeant

255 2919 314 2994 (5)
336 2923 371 2983 ut
394 2917 536 2980 canonici
556 2916 591 2980 in
613 2916 746 2984 elaustro
771 2923 803 2979 et
824 2914 965 2981 canonici
982 2915 1015 2978 in
1031 2915 1202 2980 curialite-

169 3028 287 3093 ratorie
301 3029 479 3114 loquantur.
1046 3097 1049 3102 ,

256 3142 315 3218 (6)
337 3150 371 3204 ut
384 3142 491 3223 ydiote
507 3141 673 3224 presbiteri
687 3161 753 3204 non
768 3141 963 3208 ordinentur.
988 3143 1043 3226 qui
1056 3161 1135 3206 uero
1150 3161 1202 3205 or-

171 3250 270 3314 dinati
286 3260 376 3326 sunt,
398 3251 517 3316 discant
536 3261 589 3315 aut
603 3254 811 3335 deponantur.

255 3365 316 3438 (7)
337 3370 372 3428 ut
385 3363 489 3428 nullus
504 3363 623 3445 aliquid
637 3363 677 3426 de
690 3363 754 3428 ritu
769 3363 949 3448 gentilitatis
965 3365 1122 3428 obseruet.
1147 3345 1202 3446 oui

169 3495 249 3540 uero
264 3475 392 3551 iecerit,
414 3476 440 3539 si
456 3477 495 3538 de
511 3475 682 3538 maioribus
698 3485 746 3540 est
759 3477 804 3538 Xl
818 3477 885 3540 dies
898 3478 1037 3548 districte
1051 3478 1202 3560 peniteat,

171 3586 200 3650 si
215 3595 319 3650 autem
334 3589 373 3652 de
389 3589 560 3652 minoribus
575 3596 697 3670 septem
717 3590 784 3652 dies
798 3609 868 3652 oum
882 3589 994 3672 plagis.

257 3701 317 3776 (8)
339 3699 365 3764 si
381 3702 449 3784 quis
465 3701 640 3784 descriptas
661 3701 847 3766 iestiuitates
869 3723 933 3766 non
953 3701 1129 3778 seriouerit,
1152 3723 1204 3768 ea-

173 3811 247 3876 dem
260 3811 332 3896 lege
346 3813 512 3886 iudicetur.

256 3925 316 4001 (9)
338 3921 366 3988 si
381 3925 451 4008 quis
467 3945 524 4007 pro
539 3925 679 3988 facinore
695 3924 862 3988 commisso
876 3925 1047 3988 iniunctam
1062 3925 1206 4008 peniten-

172 4035 254 4100 ciam
276 4037 459 4119 negligens,
486 4039 526 4102 ab
551 4039 700 4121 episeopo
725 4023 1013 4103 excommunicatus
1037 4039 1070 4104 in
1093 4039 1205 4102 eadem

171 4147 381 4230 peruersitate
404 4149 533 4226 obierit,
555 4150 587 4213 in
608 4150 761 4216 cimiterio
785 4149 919 4216 ecolesie
940 4170 1004 4216 non
1024 4150 1205 4234 sepeliatur,

172 4279 233 4324 neo
250 4279 269 4324 a
283 4259 477 4346 presbiteris.
