2920 4758
62 451 173 500 ιω
192 457 248 500 av.
262 454 354 502 uncas
368 455 518 503 camuris
532 455 689 502 nosmrmr
704 455 734 500 nr
747 455 908 502 cinnama.
941 437 1030 502 luta.
1072 437 1132 503 lbi

62 627 156 670 nem
183 609 342 684 alicuius,
364 629 420 674 sen
443 607 502 674 alia
521 610 562 672 de
580 629 676 672 eausa
695 609 895 690 prestabant,
922 609 1049 674 nonnisi
1071 611 1135 672 duro

63 717 221 782 denarii
240 719 418 804 presbitero
434 721 473 783 de
489 719 627 804 qnalibet
643 741 777 802 persona
792 722 982 803 pendantur.

169 829 257 912 (13)
284 833 361 897 ltcm
385 833 566 905 statuimus,
598 839 632 894 ut
657 830 862 894 decimatores
888 840 920 896 et
942 834 1135 896 monetarios

64 941 251 1026 iobbagio
272 943 365 1006 castri
383 945 467 1007 bone
482 943 582 1018 fame,
604 944 823 1024 possessiones
837 944 959 1008 habens
976 945 1135 1025 precedat,

67 1061 106 1116 et
140 1055 185 1116 in
224 1055 437 1127 decimacione
471 1055 603 1137 recipiat
628 1056 669 1118 de
694 1053 832 1136 quelibet
860 1057 1023 1120 mansione
1054 1057 1134 1120 duos

68 1163 253 1228 denarios
272 1165 500 1247 persoluendos
525 1165 639 1228 comiti.
671 1165 702 1226 in
723 1165 938 1229 decimacione
961 1187 1038 1230 uero
1058 1167 1136 1230 nibil

67 1275 240 1357 accipiat
260 1293 382 1350 comes,
403 1295 462 1340 nec
480 1277 532 1340 det
552 1275 643 1338 alicui
665 1295 723 1358 pro
745 1285 831 1340 certo
856 1279 978 1360 precio,
1001 1281 1134 1344 scientes
1199 1347 1200 1351 ,
1250 1291 1253 1295 “

72 1389 182 1470 quod
211 1387 326 1470 siquis
349 1389 529 1451 comitum
520 1409 553 1450 m
576 1389 734 1470 premissis
757 1390 963 1454 obseruandis
984 1393 1135 1459 remissus

74 1507 140 1560 aut
167 1497 346 1582 negligens
367 1499 513 1562 inuentus
533 1500 644 1574 fuerit,
666 1507 698 1562 et
713 1499 832 1563 bonore
847 1501 1022 1624 priuabitur
1037 1511 1069 1565 et
1082 1523 1133 1564 re·

77 1612 181 1692 giam
204 1611 349 1674 incurret
362 1610 627 1692 indignacionem

197 1721 241 1784 Ut
270 1723 364 1804 igitur
395 1723 455 1785 hec
489 1731 595 1785 nostra
624 1723 785 1786 ordinacio
814 1725 945 1788 consilia
981 1727 1152 1790 baronum·

81 1841 287 1896 nostrorum
316 1833 395 1896 facta
424 1851 444 1896 a
469 1833 595 1898 nemine
624 1835 729 1896 ualeat
755 1837 938 1910 retractari,
972 1847 1134 1918 presentes

85 1945 250 2008 duximus
276 1945 510 2019 concedendas,
541 1945 635 2028 sigilli
659 1945 758 2008 nostri
782 1947 936 2029 dupplicis
961 1949 1133 2013 munimine

83 2057 276 2119 roboratas.
308 2057 421 2118 Datum
441 2071 499 2136 per
522 2076 631 2118 manus
651 2057 790 2139 magistri
805 2058 966 2122 Benedicti
979 2061 1134 2124 Budensis

86 2168 254 2250 prepositi
267 2167 338 2230 aule
351 2176 457 2230 nostre
470 2166 730 2232 uicecancellarii.
751 2170 885 2254 septimo
894 2171 1045 2234 kalendas
1053 2173 1134 2254 May,

86 2281 190 2361 regni
214 2285 321 2342 autem
342 2280 440 2342 nostri
463 2300 545 2344 anno
562 2281 681 2362 quinto.
709 2300 792 2342 anno
811 2300 889 2343 uero
904 2281 1134 2346 incarnacionis

91 2391 261 2454 dominice
275 2391 440 2455 millesimo
457 2392 673 2458 ducentesimo
689 2392 941 2474 quadragesimo.

447 2645 796 2676 *xm

450 2865 564 2952 ΒΜ
589 2868 645 2952 tu.
671 2867 792 2951 lllidlS

125 3053 393 3130 LIBERTAS
426 3045 704 3134 'nosuluunl
738 3059 794 3133 IN
825 3055 1108 3136 naussum.

533 3213 710 3276 nooxnn.

445 3353 468 3406 Ε
487 3358 628 3406 transumto
645 3353 704 3406 anui
724 3357 794 3408 laos.
877 3419 880 3426 y

90 3613 92 3615 ¹
187 3629 223 3690 ln
244 3627 370 3692 nomine
390 3627 586 3692 sanctissime
602 3628 761 3691 Trinitatis
777 3637 808 3692 et
821 3629 982 3692 indiuiduo
997 3630 1134 3694 unitatis.

101 3740 215 3812 Amen.

187 3850 264 3913 Bela
278 3849 329 3918 dci
350 3851 455 3934 gracia
468 3851 645 3934 Hungarie,
665 3851 839 3925 Dalmacie‚
862 3851 1005 3928 Croacie,
1026 3853 1135 3930 Rama,

103 3961 230 4036 Seruio,
254 3961 399 4036 Gallicis,
427 3963 617 4026 Lodomerie
642 3963 857 4045 Cumanieque
882 3983 940 4027 rex
962 3965 996 4028 in
1021 3987 1135 4048 perpe-

102 4081 201 4136 tuum.
233 4074 355 4156 Regum
380 4073 533 4160 celsitudo
556 4073 705 4156 requirit,
737 4080 768 4136 et
791 4073 970 4139 sublimium
991 4076 1136 4161 dignitati

104 4185 247 4259 debetur,
268 4193 304 4246 ut
327 4193 413 4248 tanto
439 4181 573 4268 amplius
594 4184 628 4246 in
648 4184 845 4248 multitudine
866 4187 968 4268 plebis
983 4187 1135 4272 gaudeat,

105 4303 223 4386 quanto
237 4296 297 4384 ipsi
313 4297 495 4364 auctoritate
510 4295 714 4378 antecellunt,
734 4297 809 4362 hino
823 4307 871 4365 est
884 4299 969 4386 quod
982 4306 1044 4364 tam
1059 4319 1132 4387 pre·
