2924 4758
246 389 307 459 350
583 406 735 456 cicinnos
756 403 938 454 srooonun.

247 563 302 629 (21)
318 563 348 614 de
359 561 466 614 aduenis
477 561 579 614 clericis
590 565 615 612 et
629 559 771 612 infamatis.

247 657 303 722 (22)
320 658 351 708 dc
363 658 404 708 his
419 655 461 725 qul
473 657 499 708 in
511 655 623 707 ecclesio
634 653 741 705 ulterius
754 651 885 704 cclcbrnnl
896 650 952 703 sinc
964 647 1083 701 licencia.

246 751 302 814 (2³)
321 751 352 801 dc
364 749 492 817 prolcssis
505 747 608 800 clericis
619 749 650 798 od
662 748 764 799 titulum
776 745 934 798 ordinandis.
1117 717 1127 740 ⁶

247 841 303 908 (24)
322 845 352 894 dc
364 841 495 909 oppressis
507 842 611 896 clericis
623 841 664 893 uel
678 840 772 892 iniurin
782 839 902 890 afflictis.

247 935 303 999 (25)
321 935 351 986 de
364 935 468 986 clericis
480 935 521 986 uel
534 934 667 985 abbatibus
678 933 796 986 sccolsrc
811 932 932 984 iodicium
944 929 1121 1000 querentibus.

247 1028 303 1092 (20)
322 1029 351 1078 de
364 1029 503 1080 concordia
515 1028 659 1080 diuinorum
672 1027 828 1079 officiorum.

246 1122 302 1186 (28)
320 1123 350 1172 de
362 1122 417 1174 uita
427 1129 454 1173 ct
465 1122 536 1174 uictu
549 1121 743 1174 canonicorum.

247 1215 302 1280 (20)
320 1217 350 1267 do
361 1215 461 1267 libertis
474 1215 606 1266 canonicis
619 1221 644 1266 ct
657 1213 721 1266 liliis
733 1229 829 1267 eorum.

248 1307 304 1372 (30)
323 1309 353 1358 dc
365 1307 448 1359 seruis
462 1325 512 1358 non
528 1307 686 1362 ordinandis.

248 1399 304 1464 (31)
322 1402 352 1451 de
364 1400 541 1451 succi-dotibus
555 1405 615 1452 onte
627 1399 825 1468 presbiter-nucu
839 1397 964 1452 uxorslis.

248 1493 304 1559 (32)
322 1495 352 1545 dc
365 1494 467 1546 clericis
481 1511 530 1546 non
543 1495 691 1547 uxorondis.

249 1587 305 1651 (33)
324 1589 354 1638 de
367 1587 489 1638 uxoribus
501 1587 688 1654 episcopcrum.

249 1680 305 1746 (34)
324 1681 354 1732 de
371 1681 585 1733 excomunicatis.

249 1775 305 1839 (35)
323 1774 365 1825 ubi
379 1774 489 1825 debcant
503 1775 611 1826 missum
624 1774 766 1828 celebrere.

250 1865 306 1930 (30)
324 1866 387 1916 item
399 1867 429 1916 dc
441 1866 585 1918 abbatibus.

249 1957 306 2021 (37)
323 1959 354 2008 dc
368 1958 466 2010 eisdem
477 1959 618 2010 abbatibus.

249 2049 305 2114 (38)
324 2052 354 2100 de
366 2049 461 2101 eisdem
473 2051 617 2104 abbatibus.

249 2141 305 2208 (30)
323 2143 353 2194 dc
366 2141 514 2194 ordinandis
526 2145 667 2198 monachis.

249 2233 305 2302 (40)
325 2237 356 2286 de
367 2237 408 2288 his
420 2237 460 2306 qui
473 2239 653 2290 monachatum
664 2238 779 2291 hobitum
791 2240 929 2306 occipiunt.

248 2329 304 2395 (41)
323 2331 353 2382 dc
366 2332 540 2384 conurocionc
553 2331 695 2384 oblacionis
707 2349 753 2398 pro
765 2334 848 2386 misso
859 2352 890 2386 no
903 2337 956 2388 llel.

248 2423 304 2489 (42)
323 2426 420 2475 deuon
440 2424 553 2476 eruendis
570 2425 612 2476 uel
629 2427 770 2478 condendis
787 2427 924 2498 ecclesiis,
947 2421 973 2480 el
990 2427 1168 2480 conditoribus
1186 2427 1277 2480 ecole-

360 2533 466 2571 siarum.

249 2609 306 2676 (43)
322 2611 353 2661 dc
365 2611 493 2676 baptismo
506 2616 532 2662 et
543 2611 686 2678 sepulture.

248 2702 304 2767 (44)
322 2704 352 2753 dc
364 2703 562 2756 lcstiuitctibus.

247 2795 303 2860 (45)
321 2797 351 2847 dc
368 2796 463 2849 iudicio
481 2799 578 2866 quondo
596 2799 638 2850 uel
656 2801 779 2866 quomodo
794 2799 849 2852 duri
866 2799 965 2855 debent.
1061 2812 1066 2820 ·

248 2888 305 2954 (40)
321 2890 380 2956 quid
391 2890 417 2942 ln
430 2891 542 2942 ccclesia
553 2891 605 2958 legi
618 2891 659 2944 uel
671 2893 771 2944 cantori
783 2893 880 2945 debent.

248 2981 304 3050 (47)
323 2986 445 3051 quomodo
459 2985 484 3036 in
496 2986 614 3042 kalendis
627 2993 653 3038 et
666 2987 794 3038 conuiuiis
809 2986 941 3040 counionrl
954 2986 1056 3042 debent.

249 3075 305 3142 (48)
323 3077 385 3128 item
397 3078 427 3126 do
441 3078 538 3128 eodem.

249 3171 303 3234 (40)
321 3172 351 3220 dc
365 3171 479 3220 domibus
491 3169 713 3235 pcullenciolibus.

248 3262 304 3327 (50)
322 3264 353 3312 dc
367 3262 500 3313 maleficis.

247 3355 304 3420 (54)
323 3356 353 3406 dc
365 3355 562 3406 accusatoribus
574 3361 600 3406 ct
611 3357 752 3410 accusetis.

247 3449 304 3513 (52)
322 3449 352 3499 de
365 3449 487 3500 uxoribus
499 3465 514 3498 o
525 3449 625 3500 moritis
636 3451 808 3516 fugientibus.
850 3475 853 3478 ·

247 3541 302 3606 (53)
320 3543 350 3592 dc
362 3541 472 3604 bigamis
485 3547 510 3592 ct
522 3542 655 3594 uiduarum
667 3545 707 3596 uel
719 3546 911 3611 repudiaturum
925 3547 1036 3602 moritis.

246 3634 303 3700 (54)
321 3635 344 3685 si
356 3635 496 3700 presbiteri
507 3635 601 3700 bigerni
613 3639 740 3704 recipiunt
751 3637 865 3692 ordines.

247 3727 303 3791 (55)
322 3728 353 3778 de
362 3728 516 3792 presbiteris
527 3729 569 3798 qui
582 3731 735 3787 concubinus
747 3733 849 3783 habeut.

246 3820 303 3886 (50)
321 3827 349 3872 ut
361 3821 479 3873 cononici
491 3838 565 3872 suom
575 3824 691 3888 regulum
702 3825 796 3879 scient.

247 3914 304 3979 (57)
322 3915 353 3966 dc
366 3915 470 3968 clericis
485 3933 531 3982 pro
543 3918 617 3969 t’urto
629 3918 766 3972 accusetis.

247 4008 303 4072 (58)
320 4010 351 4060 dc
363 4009 537 4062 thobernuriis
551 4011 666 4066 clericis.

248 4102 303 4170 (50)
323 4105 353 4155 de
366 4102 525 4156 testimoniis
541 4103 705 4155 clericorum.

248 4195 303 4267 (00)
322 4198 352 4252 dc
364 4197 449 4252 iudeis
462 4197 505 4270 qui
515 4195 675 4251 cnrtsucnos
685 4199 779 4252 hubent
790 4200 912 4258 famulos.
