2924 4758
332 469 525 522 s.srermn1
545 469 636 520 nrum
658 471 865 558 oromronmp
885 475 978 522 nmen
991 475 1013 522 1.
1128 457 1188 526 311

198 666 205 681 .
301 625 340 677 Dc
352 623 519 678 concessione
531 624 613 690 reguli
624 625 786 693 propriarum
797 640 892 680 rorum.

300 719 339 770 lin
350 723 450 770 retentu
462 717 589 782 regalium
599 734 696 769 rorum.

302 813 341 863 Ite
353 809 536 862 obseruatione
548 809 670 862 dominici
683 809 743 863 diei.

200 945 207 958 .
304 905 370 956 item
382 903 443 956 siin.

183 1034 191 1048 .
302 998 340 1048 lic
352 995 534 1048 obseruatione
546 997 583 1048 lv
594 1000 744 1064 temporum.

199 1126 208 1143 .
304 1091 342 1140 lic
356 1087 537 1140 obseruacione
549 1095 620 1140 sexte
632 1087 707 1142 toric.

300 1185 339 1236 lic
353 1184 394 1235 his
406 1185 449 1254 qui
461 1183 516 1236 sinc
529 1165 694 1236 confessione
707 1183 858 1238 moriuntur,

303 1281 341 1330 ite
353 1278 515 1330 obseruando
527 1277 728 1332 christianitate.

304 1373 343 1424 lic
357 1371 510 1424 homicidiis.

306 1465 345 1516 lin
358 1465 399 1516 his
414 1464 455 1534 qui
466 1479 529 1516 suns
541 1479 635 1515 uxores
648 1463 778 1518 occidunt.

303 1558 343 1610 De
357 1556 542 1628 eneginneionn
559 1556 650 1620 gladii.

303 1649 342 1715 De
353 1647 474 1714 periuris.

303 1741 341 1792 De
353 1741 463 1793 libertis.

304 1834 342 1885 lic
354 1840 481 1884 conuentu
493 1833 525 1884 od
536 1833 674 1884 ecelesiam
686 1839 712 1885 et
724 1833 754 1884 de
765 1833 807 1884 his
819 1833 862 1900 qni
873 1839 1032 1886 murmurant
1043 1833 1084 1886 uel
1095 1834 1189 1888 locun-

335 1929 380 1976 tur
390 1925 416 1976 in
428 1924 541 1976 ecelesia
550 1925 615 1976 horn
626 1925 715 1979 misse.

154 2019 221 2073 XX.
303 2020 342 2070 lio
354 2033 405 2070 non
417 2019 570 2085 recipiendis
582 2018 667 2070 seruis
680 2018 720 2070 uei
733 2018 838 2071 ancillis
852 2019 879 2070 in
891 2020 1087 2074 accusationem
1103 2027 1130 2076 ct
1144 2027 1188 2074 te·-
1212 2001 1215 2006 ¹

336 2111 458 2164 stimonio
470 2105 548 2177 super
559 2111 675 2162 dominos
686 2127 748 2163 suos
760 2113 801 2164 uei
816 2113 941 2166 dominns.

156 2203 235 2257 ΧΧΙ.
304 2203 343 2255 De
354 2203 397 2256 his
408 2203 451 2272 qui
461 2201 554 2256 alicnis
564 2203 649 2255 seruis
662 2204 805 2256 libertatem
817 2211 935 2270 querunt.

157 2298 247 2372 XXII.
304 2299 342 2348 De
354 2295 395 2348 his
407 2298 448 2366 qui
459 2297 566 2348 libertos
578 2297 603 2348 in
615 2297 768 2348 seruitutem
782 2279 911 2361 redigunt.

153 2392 256 2443 xxun
300 2383 673 2455 Dehisquiolteriusmilttes
687 2389 736 2440 sin
752 2371 854 2442 tonum.

153 2483 253 2536 XXiV.
302 2485 342 2536 De
354 2484 395 2534 his
407 2483 449 2550 qni
461 2483 568 2534 atterius
580 2483 631 2533 sihi
642 2481 758 2549 hospites
768 2482 872 2536 tollunt.

155 2577 244 2630 XXV.
304 2577 342 2628 lic
354 2575 396 2628 his
407 2577 450 2642 qni
461 2577 628 2641 flagellentur
639 2589 688 2627 sus
701 2580 846 2642 querentes.

154 2669 256 2723 XXVI.
302 2669 341 2722 Dc
353 2669 439 2720 uiduis
451 2673 478 2722 ct
487 2669 619 2736 erphonis.

155 2761 269 2812 xxvu.
302 2761 341 2812 De
357 2761 593 2828 roptnpueiiorum.
714 2815 717 2822 ,

155 2853 280 2905 xxvln.
300 2855 339 2904 Dc
353 2853 544 2906 fornicantibus
557 2869 615 2906 eum
627 2852 730 2904 unciliis
744 2853 860 2906 ulterius.

156 2945 256 2999 ΧΧΙΧ.
300 2947 339 2998 lic
351 2947 391 2998 his
402 2947 445 3014 qui
457 2952 545 3012 petunt
556 2947 605 2998 sibi
618 2947 728 2998 ancillas
741 2947 840 2998 alienes
852 2947 878 2998 in
890 2960 992 2999 uxores.

156 3037 244 3093 XXX.
302 3041 340 3091 lie
352 3037 393 3090 his
404 3039 446 3108 qui
458 3045 531 3092 extro
540 3055 650 3105 regnum
662 3057 725 3092 sues
737 3041 843 3106 fugiunt
858 3055 962 3092 uxores.

156 3133 257 3184 XXXI.
301 3133 340 3184 lto
350 3133 420 3184 furto
432 3133 577 3186 mulierum.

157 3227 271 3278 xxxu.
301 3226 339 3278 lto
351 3226 476 3280 incendiis
488 3226 656 3278 mansionum.

158 3317 285 3374 xxxlu.
301 3319 340 3370 lie
351 3318 454 3384 strigis

159 3407 283 3461 XXXIV.
302 3410 341 3460 lte
353 3409 488 3462 meiesscis.

159 3500 270 3554 XXXV.
304 3503 341 3555 no
353 3502 489 3555 inuusionc
501 3503 641 3557 domorum.

243 3841 266 3904 Ι.
308 3841 352 3902 Do
366 3849 554 3904 staturarum
568 3841 833 3902 ecclesiastieorum.
871 3837 1021 3922 Quisquis
1036 3837 1118 3904 fastu
1136 3861 1190 3904 su-

158 3951 268 4035 perbie
284 3951 384 4016 elatus
399 3953 528 4015 domum
543 3953 594 4016 dei
609 3949 695 4014 ducit
709 3951 990 4034 contemptibilem,
1012 3959 1044 4016 et
1063 3973 1190 4036 posses-

159 4063 267 4126 siones
290 4065 350 4127 deo
371 4073 585 4139 consecratas,
608 4073 701 4152 atque
723 4065 763 4128 ad
782 4052 938 4128 honorem
958 4065 1010 4128 dei
1029 4065 1088 4128 suh
1101 4065 1190 4146 regia

159 4175 353 4239 inmunitatis
385 4177 571 4241 defensione
594 4177 777 4252 constitutas
802 4177 968 4242 inhoneste
993 4175 1189 4250 tractnuerit,

160 4285 215 4353 uel
233 4285 406 4371 infringere
425 4288 668 4375 presumpserit,
689 4288 780 4375 quasi
797 4286 926 4352 inuascr
940 4296 972 4354 et
984 4283 1118 4351 uiolotcr
1132 4285 1189 4352 dc-
