3048 4760
263 385 325 454 cii
384 397 688 454 mnnmrncmcn
701 401 1036 454 remiremont.
1075 379 1166 450 1280.

346 558 410 643 (io)
431 561 510 630 Item
525 559 671 624 oi'eerine
686 559 726 624 de
741 559 882 643 portibus
893 556 1099 624 inferioribus
1109 557 1291 633 mannent,

217 665 223 682 ⁸
265 673 462 740 continentes
476 679 563 736 entes
577 673 689 746 bourn,
711 673 750 736 de
766 681 891 736 centnm
905 671 1028 736 ennom
1042 669 1177 734 coicitur
1191 670 1293 734 onoin.

340 787 401 862 '127
406 783 415 867 )
428 785 506 848 Item
518 785 558 850 de
569 784 700 868 singuiis
709 783 844 852 nacione
855 782 1045 848 nectnoiiom
1057 782 1097 846 de
1105 783 1294 865 Torenngdo

266 897 357 960 detur
370 916 451 959 unus
466 894 634 960 friseticno.

349 1005 417 1088 (28)
438 1007 516 1070 item
537 1014 746 1081 mereamus,-
758 1006 812 1091 qui
832 1007 866 1070 in
885 1007 957 1070 loco
972 1005 1032 1070 iori
1052 1013 1125 1070 snnt
1139 1025 1210 1070 cum
1229 1007 1294 1072 snio

265 1118 425 1194 tentoriis,
452 1117 568 1202 singuli
590 1118 717 1182 noinnnt
740 1117 773 1184 in
794 1118 880 1182 omni
896 1117 1056 1183 nomme
1078 1137 1177 1182 unum
1203 1117 1296 1182 irico-

266 1230 374 1294 ticum.
776 1291 778 1298 .
1187 1237 1189 1242 ’

351 1339 416 1422 (29)
437 1343 515 1406 item
530 1343 570 1406 de
585 1341 717 1426 cingulis
731 1343 876 1406 curribus
897 1343 1130 1408 transeuntibus
1145 1361 1216 1406 curn
1230 1344 1296 1410 snio

268 1454 480 1520 mercimoniis
496 1455 536 1516 ed
551 1453 737 1529 confinium,
759 1453 892 1518 soluitur
906 1452 1023 1518 iustum
1038 1455 1199 1519 tributum.

352 1563 417 1648 (³0)
438 1565 587 1630 Similiter
601 1574 633 1629 et
653 1565 693 1630 de
714 1566 844 1649 magnis·
857 1566 973 1640 bobus,
994 1566 1020 1629 ei
1035 1565 1192 1648 pelinntnr
1207 1574 1297 1632 extra

268 1679 390 1752 iornm,
409 1677 463 1742 nei
475 1677 509 1738 in
523 1697 618 1740 currn
633 1677 674 1740 od
688 1676 875 1752 confinium,
887 1677 937 1742 ὼ
951 1675 1093 1759 quolibet
1112 1677 1196 1742 hone
1210 1696 1299 1762 emp·

268 1797 319 1854 tor
334 1789 387 1852 det
401 1789 479 1852 dnos
493 1787 661 1852 fricatione.

352 1896 422 1982 (31)
443 1901 522 1964 item
536 1901 576 1964 de
587 1900 728 1966 curribus
741 1919 811 1964 cum
826 1901 1062 1966 transeuntibus
1075 1901 1299 1977 mercimoniis,

270 2016 310 2078 de
325 2013 524 2076 Mosconihus
539 2011 650 2086 Pesth,
672 2019 703 2076 et
718 2011 757 2076 de
772 2011 866 2076 Pesth
887 2013 921 2076 in
934 2013 1144 2088 Mosconium,
1166 2015 1300 2097 quinon

268 2126 385 2190 intrent
406 2124 564 2188 ciuitatem
585 2124 849 2207 strigoniensem,
877 2124 911 2188 in
929 2125 1004 2188 uiua
1018 2125 1122 2192 Tmen
1143 2127 1299 2210 integrum

269 2235 403 2302 soluitur
416 2235 577 2300 tributum.

352 2344 417 2430 (32)
437 2347 516 2412 Item
534 2347 718 2410 uenditores
740 2345 876 2410 uestium
897 2349 1112 2431 antiquorum,
1133 2347 1299 2434 pileorum,

272 2460 526 2524 chirothecarum
545 2467 577 2522 et
598 2461 763 2534 condones,
784 2460 925 2542 quolibet
939 2461 1091 2530 sabbatho
1107 2461 1184 2524 dant
1203 2481 1303 2524 unum

271 2569 455 2635 iriseticum.
1182 2577 1185 2582 '

354 2679 419 2763 (33)
440 2681 518 2744 Item
539 2682 685 2746 uenditor
706 2703 872 2748 seruorum
892 2689 924 2748 ct
944 2682 1128 2750 ancillarum
1148 2685 1201 2752 dnt
1223 2705 1301 2770 qna-

274 2795 415 2878 draginta
431 2793 577 2858 denarios
591 2796 731 2860 usuales.
1192 2859 1195 2862 .

356 2904 421 2990 (3i)
442 2908 488 2970 De
511 2905 641 2990 singuiis
663 2909 811 2972 oneribus
833 2909 1044 2985 cumulornm,
1065 2929 1128 2993 que
1136 2909 1226 2992 cytri
1245 2929 1303 2973 no·

273 3027 393 3096 emtor,
414 3025 445 3084 ct
460 3021 499 3084 de
514 3040 615 3086 senne
630 3021 765 3086 soluitur
778 3028 860 3086 unus
876 3022 1042 3086 irisnticuc.
