2924 4758
356 431 479 480 snnnrcr
499 431 666 483 nrcnnrmr
686 433 863 482 concussus
889 435 990 484 uncis.
1127 421 1188 486 363

153 587 305 652 heredes.
340 587 501 670 possessio
527 607 605 651 uero
628 589 668 652 ab
691 589 760 652 aliis
784 590 912 672 regibus
935 591 1007 654 dato
1035 591 1075 654 de
1097 599 1187 674 patre

155 699 332 765 descendat
352 700 393 762 ad
412 699 521 763 tilium.
550 701 650 784 quisi
670 701 830 765 defuerint
843 703 994 766 succedat
1008 721 1188 785 germanus,

154 813 246 876 cuius
258 811 316 874 iiiii
330 812 431 874 eciam
446 817 662 894 postmortem
677 811 760 876 iilius
774 833 840 876 non
851 800 1095 878 exheredentur.
1116 835 1188 899 ger-

152 943 266 986 manus
284 931 390 986 autem
414 924 573 1005 predictus
596 924 622 985 si
643 943 707 986 non
729 925 917 998 inueniatur,
937 925 1005 1007 regi
1026 924 1186 991 hereditas

154 1035 336 1118 deputetur.

239 1147 322 1222 (21)
343 1145 511 1210 Hereditas
533 1147 680 1228 empticia
702 1146 780 1209 nulli
802 1145 913 1212 heredi
936 1147 1107 1224 auferatur,
1128 1149 1185 1214 sed
1253 1149 1255 1154 ’

152 1265 275 1322 tantam
291 1259 404 1321 eodem
419 1257 599 1322 testimonio
614 1259 826 1322 confirmetur.

238 1371 315 1444 (Q)
337 1369 489 1432 Iudicium
504 1370 580 1434 ferri
596 1378 627 1433 et
641 1389 722 1452 aque
737 1371 769 1432 in
785 1369 891 1453 aliqua
906 1371 1039 1436 ecclesia
1052 1371 1123 1436 fieri
1136 1374 1184 1436 in-

151 1479 353 1554 terdicimus,
374 1480 435 1542 nisi
455 1481 489 1542 iu
510 1481 586 1544 sede
609 1481 783 1564 episcopali
803 1489 835 1545 et
855 1481 1026 1546 maioribus
1040 1483 1185 1568 preposi-

152 1591 243 1666 turis,
264 1611 323 1655 nec
338 1611 401 1654 non
416 1593 541 1655 Posonii
557 1600 588 1656 et
601 1593 712 1656 Nitries
729 1598 778 1638 Ἀ

237 1705 313 1779 (23)
334 1705 432 1766 ludex
446 1703 561 1768 iniuste
577 1725 689 1768 causas
704 1707 881 1770 discuciens
903 1705 943 1770 ad
960 1706 1079 1772 curiam
1099 1710 1184 1793 regis

152 1834 225 1878 cum
240 1815 343 1898 sigilio
359 1825 499 1898 cogatur,
520 1819 577 1880 sed
592 1819 659 1880 sine
674 1817 776 1900 sigillo
791 1820 831 1881 ad
845 1819 1011 1901 synodum.

238 1925 320 2002 (at)
341 1927 373 1990 si
389 1927 459 2009 quis
474 1928 515 1990 ad
530 1937 722 1990 conuentum
744 1929 967 2012 episcoporum
990 1937 1021 1993 et
1034 1930 1182 1994 comitum

150 2037 474 2122 uenire-negiexerit,
495 2041 660 2103 iudicetur.
689 2041 750 2123 ipsi
763 2061 839 2104 uero
855 2041 899 2104 sic
918 2037 1049 2106 sollicite
1065 2062 1183 2106 conue-

150 2151 258 2224 niant,
279 2150 324 2213 sic
345 2150 478 2213 subnixa
495 2169 571 2213 cura
591 2151 766 2225 confidant,
786 2153 897 2236 sicque
914 2172 1035 2216 summa
1050 2152 1183 2236 diiigen-

151 2262 200 2324 cia
222 2261 296 2344 equi
317 2262 490 2324 libraminis
514 2263 662 2326 trutinam
685 2269 909 2345 compensent,v
939 2272 1094 2344 quatenus
1121 2281 1181 2326 nec

149 2371 225 2434 hino
247 2372 379 2455 quidem»
397 2391 452 2454 per
474 2373 581 2436 odium
605 2367 822 2436 innocencium
844 2373 1093 2456 condempnent,
1121 2391 1182 2436 nec

148 2483 235 2546 illinc
251 2503 308 2564 per
322 2483 495 2546 amiciciam
509 2483 634 2566 cuipam
648 2485 829 2548 defendant.

234 2597 319 2671 (25)
340 2596 387 2658 De
411 2595 532 2658 tributis
558 2604 663 2659 autem
684 2595 890 2679 uoouigolihus
911 2597 992 2660 sicut
1016 2597 1180 2662 comitibus

148 2707 279 2771 terciam
307 2715 430 2790 partem
459 2709 534 2772 dare
562 2708 776 2782 decredimus,
805 2709 850 2771 ita
874 2708 1028 2772 decimam
1053 2728 1182 2792 quoque

150 2819 308 2902 episcopis
320 2839 496 2884 censemus.
516 2819 672 2902 quiacum
684 2827 748 2884 tam
761 2821 839 2882 noui
850 2839 944 2902 quam
959 2821 1074 2883 ueteris
1085 2828 1181 2884 testa·

149 2933 249 2996 menti
269 2934 385 3016 pagiua
407 2931 545 2996 decimes
567 2932 686 2996 dandas
709 2953 780 2995 esse
802 2931 989 3014 proclamet,
1018 2932 1180 2994 incautum

150 3052 182 3107 et
198 3045 409 3108 inconsultum
425 3053 488 3118 est,
509 3043 536 3107 si
549 3044 690 3108 instituta
703 3052 883 3107 sanctorum
897 3063 1116 3126 presumamus
1131 3043 1180 3105 in-

147 3155 306 3238 fringere,
335 3175 396 3239 que
420 3175 544 3218 summu
571 3155 678 3238 pocius
704 3156 878 3220 deuocione
904 3156 1055 3220 dehemus
1080 3155 1180 3219 adim·

147 3267 249 3350 plere.

234 3379 312 3454 (dd)
334 3377 367 3440 si
383 3382 453 3462 quis
467 3380 500 3442 in
514 3380 728 3445 testimonium
744 3381 896 3444 adductus
918 3379 1049 3446 alicuius
1063 3380 1179 3444 ueritu-

27 3573 31 3579 .
148 3499 214 3554 tem
236 3509 294 3554 sua
312 3491 420 3554 nititur
442 3494 646 3556 attestacione
667 3493 821 3574 probare,
850 3493 943 3556 huius
966 3493 1179 3558 testimonium

147 3603 196 3666 sic
214 3603 312 3686 recipi
334 3603 496 3680 iubemus,
518 3605 544 3666 si
563 3605 730 3688 presertim
742 3607 788 3670 ‘sit
803 3606 965 3670 confessus
986 3613 1114 3688 peccata
1128 3626 1179 3668 sa·

148 3715 347 3780 cerdatiitus.¹
362 3717 389 3778 si
404 3717 541 3799 denique
556 3717 748 3778 contrarium
761 3716 894 3791 habeat,
906 3723 943 3780 ut
957 3724 989 3780 et
1002 3715 1042 3780 sit
1056 3717 1180 3782 cautela

147 3826 220 3889 ueri
242 3827 412 3891 testimonii
434 3847 492 3910 per
506 3827 704 3892 sacerdotem
717 3829 751 3890 in
766 3829 982 3905 confessione,
1004 3837 1036 3893 et
1050 3831 1179 3895 menda-

147 3939 196 4004 cis
210 3939 302 4024 culpe
315 3941 493 4023 redemptio
506 3939 562 4006 fiat
574 3941 606 4004 in
620 3941 834 4023 possessione.

232 4055 313 4128 (27)
335 4051 443 4116 Nullus
464 4053 579 4118 audeat
601 4053 768 4135 perhibere
788 4053 1003 4120 testimonium
1022 4056 1083 4120 nisi
1103 4075 1179 4119 con·

147 4165 252 4230 sessus
273 4173 414 4250 peccata.
443 4165 667 4250 cuiuscumque
682 4167 894 4232 testimonium
908 4167 1023 4234 fulsum
1035 4168 1178 4232 inuenia-

147 4285 210 4356 tur,
231 4277 299 4342 eius
314 4277 528 4344 testimouium
540 4280 675 4364 amplius
689 4301 754 4346 non
767 4281 947 4364 recipiatur.
