2904 4754
289 417 351 482 51⁰
392 433 479 482 rnen
494 434 535 481 rr.
549 431 638 482 asera
652 429 801 480 curmae
816 431 923 479 mnus
937 431 1194 482 arcararsranur.
1226 413 1303 484 inii

291 587 503 655 membrorum
525 592 689 650 resenatus
709 583 822 659 inerit,
852 583 975 648 medico
996 582 1055 650 lesi
1072 585 1257 662 satisfaciat,
1279 595 1304 652 et

290 699 357 764 lese
371 700 482 766 decem
504 718 641 774 marcas,
663 707 693 764 et
710 697 750 762 ad
766 717 856 762 usura
871 697 1004 762 ciuitatis
1018 697 1096 762 duas
1111 717 1231 764 marcas
1246 715 1305 782 per·

290 811 401 876 soluat

374 920 420 1003 (8)
442 923 473 984 Si
499 923 569 1005 quis
594 943 671 986 uere
693 922 852 984 huminem
876 921 1070 985 interfecerit
1094 931 1127 985 et
1151 922 1306 1008 aufugerit,

291 1035 353 1101 due
373 1041 478 1120 partes
497 1053 624 1099 suarum
647 1053 752 1096 rerum
775 1033 889 1096 cedant
909 1033 1090 1114 parentibus
1106 1033 1225 1107 eccisi,
1243 1055 1306 1115 pars

290 1144 388 1210 tercia
407 1145 534 1208 ciuitati.
561 1145 587 1208 si
606 1152 710 1208 autem
730 1153 839 1226 captus
854 1143 966 1218 tuerit,
987 1144 1163 1206 secuudum
1182 1163 1307 1209 censue·

290 1253 431 1320 tudinem
453 1256 492 1320 de
510 1255 580 1338 ipsu
599 1254 736 1320 uindicta
759 1262 909 1327 sumatur,
931 1252 991 1316 nisi
1005 1253 1075 1336 quis
1089 1253 1123 1316 in
1137 1253 1229 1328 ludu,
1248 1254 1306 1320 sine

289 1366 495 1452 premeditatis
509 1365 631 1430 malicia
646 1365 781 1447 aliquem
796 1363 998 1432 interfecerit.
1019 1363 1052 1426 in
1065 1365 1127 1429 huc
1140 1367 1227 1428 enim
1241 1384 1307 1428 casu

263 1447 270 1472 ¹
290 1484 413 1540 centum
436 1497 550 1560 pensas
565 1475 707 1560 cognatis
729 1475 900 1548 interlecti,
921 1475 1031 1558 uiginti
1047 1495 1124 1548 uere
1139 1495 1254 1558 pensas
1273 1477 1307 1540 al

290 1608 473 1652 communes
495 1609 570 1652 usus
591 1586 740 1650 retundat
759 1585 951 1650 interfector.
983 1587 1009 1649 si
1033 1585 1231 1655 facultatibus
1252 1609 1307 1654 neu

289 1700 462 1774 suffecerit,
483 1699 599 1762 ciuium
615 1699 741 1762 arbitrie
760 1699 944 1780 resignetur.

323 1891 326 1896 .
373 1809 421 1892 (9)
444 1812 520 1874 ltenr
535 1810 645 1891 siquis
660 1811 700 1872 de
714 1809 870 1874 extraneis
884 1810 1002 1876 intrans
1023 1810 1055 1872 in
1076 1811 1234 1899 ciuitatem
1246 1813 1307 1879 sice

290 1921 323 1986 in
343 1921 425 1998 uico,
446 1921 478 1985 in
500 1921 611 1994 demo,
637 1921 705 1984 siue
727 1921 757 1982 in
780 1920 860 1994 loro,
880 1920 992 1987 similia
1014 1930 1162 2002 utsupra
1183 1929 1308 2006 notatur,
1359 2006 1364 2016 Ι

289 2033 536 2116 perpetrauerit,
563 2051 621 2114 per
642 2029 776 2095 iudicem
797 2029 930 2094 ciuitatis
950 2031 1118 2108 iudicetur,
1145 2039 1178 2096 et
1197 2033 1308 2098 eisdem

290 2145 379 2226 penis
394 2121 563 2208 subiaceat.
577 2143 604 2208 si
618 2164 696 2208 uero
712 2163 751 2206 ex
765 2142 876 2206 incolis
891 2141 1025 2208 ciuitatis.
1039 2141 1152 2225 aliquis
1165 2144 1233 2212 siue
1432 2211 1433 2234 3

280 2253 432 2342 'delectus
446 2255 555 2333 fuerit,
579 2275 635 2338 per
648 2253 782 2318 iudicem
798 2254 931 2319 ciuitatis
947 2253 1101 2344 puniatur.

368 2363 433 2447 (10)
458 2367 535 2428 ltem
560 2366 586 2428 si
611 2367 680 2447 quis
704 2372 872 2428 extraneus
897 2365 1033 2448 aliquem
1061 2366 1101 2429 de
1126 2366 1252 2433 ciuitate
1277 2367 1307 2430 in

287 2495 400 2556 caussa
410 2475 612 2556 pecuniarum
628 2476 679 2540 uel
693 2475 778 2540 illata
791 2475 907 2556 iniuria
914 2477 1051 2548 uoluerit
1065 2479 1247 2553 conuenire,
1262 2498 1311 2540 ee-

287 2606 354 2648 ram
369 2586 472 2650 iudice
488 2586 621 2650 ciuitatis
637 2587 814 2652 conueniat.
841 2637 845 2640 -

357 2695 434 2778 *llll
449 2698 579 2762 Etnulla
592 2717 687 2763 cansa
702 2699 742 2762 ad
754 2697 892 2762 duellum
903 2698 1069 2773 iudicetur,
1083 2701 1141 2764 sed
1151 2721 1208 2782 per
1218 2710 1311 2764 testes

287 2819 319 2878 et
332 2810 506 2896 iuramenta
521 2811 716 2882 terminetur,
736 2807 803 2875 siue
824 2811 865 2874 sit
879 2829 950 2877 cum
969 2811 1138 2884 extraneis,
1160 2812 1227 2875 sine
1243 2833 1311 2896 cnm

286 2923 451 3006 indigenis.
480 2931 575 3006 atque
596 2901 645 2986 isli
669 2927 765 2987 testes
779 2920 871 2984 iurati
885 2919 918 2984 in
932 2921 1122 3004 deponendo
1136 2922 1311 2989 testimonio

286 3035 467 3118 singillatim
489 3043 520 3097 et
540 3031 740 3116 singulariter
753 3033 983 3114 examinentur.
1009 3039 1104 3096 testes
1119 3040 1240 3109 autem,
1261 3033 1312 3118 qui

288 3123 430 3213 eiusdem
443 3145 596 3208 libertatis
612 3152 643 3208 et
656 3141 850 3232 condicionis
868 3151 950 3217 sunt,
970 3144 1022 3214 isti
1036 3153 1246 3210 assumantur.

370 3251 437 3337 (12)
456 3255 578 3318 Eodem
599 3254 704 3326 modo,
725 3253 793 3318 siue
815 3261 982 3319 extraneus
999 3252 1143 3330 inueniat
1160 3256 1243 3336 apud
1266 3255 1312 3320 in·

288 3365 384 3438 colas,
404 3365 471 3427 siue
490 3363 592 3430 incole
610 3363 697 3446 apud
721 3371 887 3428 extraneos
905 3383 1038 3445 equum,
1059 3365 1176 3428 bouem
1191 3376 1244 3430 aut
1258 3365 1313 3428 ali-

289 3495 367 3558 quas
381 3493 432 3536 res
448 3474 588 3547 surtirias,
608 3494 734 3555 semper
750 3481 854 3548 testes,
877 3481 1017 3556 utsupra
1032 3473 1178 3548 diximus,
1196 3475 1314 3556 predu-

289 3595 407 3650 cantur.

371 3692 436 3776 (13)
456 3697 534 3775 Item
557 3695 642 3758 ciues
665 3695 704 3756 de
726 3695 866 3784 predicta
881 3693 1019 3767 ciuitate,
1042 3693 1094 3755 uel
1108 3691 1313 3776 icblragiunes

288 3807 327 3870 de
352 3805 434 3868 uillis
457 3807 497 3881 ad
520 3807 619 3896 ipsam
643 3803 883 3888 pertinentibus,
912 3823 974 3885 que
1002 3823 1099 3896 prope
1125 3803 1311 3894 territurium

285 3917 383 4000 ipsius
397 3917 529 3980 ciuitatis
542 3916 660 3994 fuerint
673 3917 746 3990 site,
767 3915 883 3982 nullius
902 3913 1029 3988 iudicio,
1056 3915 1118 3996 nisi
1137 3915 1250 3989 iudicis
1271 3913 1313 3992 ci·
1432 3901 1433 3904 ¹

285 4025 401 4100 uitatis,
423 4027 545 4088 adstare
560 4032 737 4088 teneantur.
1247 4099 1250 4102 Ι
1289 4091 1292 4096 ,

367 4133 433 4218 (11)
457 4135 551 4210 Quod
564 4134 592 4200 si
605 4136 700 4198 iudex
714 4143 879 4218 suspectus
891 4135 1074 4212 habebitur„
1091 4143 1122 4201 et
1136 4143 1223 4209 estur
1235 4135 1314 4218 legi-

286 4249 540 4338 timamacausam
560 4246 771 4338 recuracionis
792 4246 998 4334 allegemur,
1013 4245 1195 4324 conuocatis
1213 4246 1314 4330 emni-

1430 4283 1433 4350 r
