2920 4758
390 444 539 492 erearum
560 445 647 493 nrcrs
669 445 730 492 auu
751 445 891 492 stannus.
917 425 1006 492 tull.
1149 425 1212 490 t65

264 601 323 674 (it)
333 601 422 692 Item
437 601 523 681 quod
538 577 654 665 dictum
671 603 782 663 ducem
797 609 828 664 ct
842 601 982 666 Venetos
997 601 1209 684 permittemus

176 719 289 772 tenere
312 711 470 774 ciuitatem
493 713 685 776 ladriensem
709 733 780 774 cum
802 712 1004 794 pertinenciis
1028 713 1110 787 suis,
1133 714 1212 775 sicut

177 823 268 886 ciues
283 821 460 886 Iadrienses
481 829 666 897 tenuerunt,
689 825 809 906 absque
831 825 892 886 ulla
913 825 1144 907 Inquietacicne
1159 825 1212 888 uel

178 935 418 1008 contrarietate,
439 955 498 997 nec
521 936 764 998 intromittemus
784 955 842 998 nos
864 955 922 1018 per
942 957 999 999 nos
1014 937 1065 999 uel
1087 946 1210 1000 nostros

177 1065 398 1121 successores,
421 1055 476 1109 aut
491 1067 546 1129 per
560 1057 683 1110 nostros
698 1048 842 1110 homiues
859 1050 898 1111 de
920 1049 1045 1112 ciuitate
1059 1049 1211 1112 ladrieusi

177 1176 252 1218 cunr
276 1159 340 1218 suis
361 1158 561 1239 pertinenciis
575 1159 607 1220 in
623 1167 819 1240 perpetuum.

264 1269 321 1343 (3)
355 1269 433 1332 Item
457 1290 522 1332 non
547 1271 763 1350 permittemus
787 1270 841 1333 uel
866 1272 1119 1346 consenciamus,
1147 1274 1210 1337 imo

176 1379 326 1442 fidelibus
340 1381 457 1443 nostris
473 1380 616 1444 dabimus
632 1382 801 1445 districtius
820 1381 852 1444 in
866 1383 1065 1457 mandatum,
1087 1392 1119 1446 et
1140 1405 1211 1465 spe-

176 1490 302 1555 cialiter
315 1491 458 1555 Caeneus
480 1499 512 1558 et
525 1492 690 1556 tudertinis
709 1493 870 1568 omnibus,
892 1493 945 1582 qni
970 1494 1113 1558 exierunt
1134 1495 1211 1556 ciui-

177 1609 277 1664 tatem
291 1602 484 1664 Iadriensem
499 1610 530 1664 et
546 1611 619 1665 suut
633 1605 690 1666 sub
706 1589 859 1684 potestate
874 1613 997 1679 nostra,
1019 1613 1054 1667 nt
1067 1606 1210 1668 homiues

179 1712 272 1777 ducis
284 1713 386 1774 Iadrie
408 1723 638 1778 commorantes
654 1723 683 1775 et
698 1715 774 1776 alios
790 1715 928 1778 Venetos
950 1737 1013 1778 non
1029 1726 1211 1800 presumant

179 1827 227 1888 dc'
241 1833 348 1888 cetero
370 1825 551 1898 molestare,
581 1825 634 1888 uel
654 1824 790 1907 aliquam
812 1827 957 1889 iniuriam
976 1849 1033 1890 seu
1057 1831 1210 1890 offensam

177 1937 308 2000 inferre.

258 2049 319 2124 ,(Ιι)
351 2051 429 2112 Item
454 2050 540 2130 quod
563 2056 757 2112 memoratos
782 2051 955 2114 Iadertinos
975 2053 1036 2134 ,qui
1065 2054 1211 2116 exierunt

173 2157 353 2233 ciuitatem,
382 2166 412 2222 et
438 2167 510 2224 sunt
536 2161 587 2222 uel
607 2171 677 2224 esse
698 2161 808 2222 uolunt
832 2163 890 2223 sub
916 2171 1071 2242 potestate
1103 2171 1210 2225 nostra
1272 2249 1275 2253 .

178 2272 265 2334 etin
283 2279 365 2333 terra
388 2280 514 2345 nostra,
539 2273 772 2336 remouebimus
797 2296 814 2335 a
838 2274 979 2335 districtu
1003 2275 1154 2338 ladriensi
1179 2283 1210 2336 et

176 2384 335 2456 Nouensi,
357 2391 389 2466 et
403 2383 625 2463 collocabimus
645 2403 702 2446 eos
721 2383 804 2474 infra
820 2391 953 2465 quatuor
966 2405 1091 2447 menses
1106 2403 1209 2448 remo-

178 2496 246 2558 cius
268 2495 399 2569 amari,
420 2503 537 2558 utnon
559 2495 680 2576 possint
701 2515 815 2560 nocere
837 2497 1102 2560 commorantibus
1117 2499 1208 2561 Iadre

178 2615 209 2670 et
224 2607 292 2670 aliis
307 2608 445 2670 Venetis.
471 2669 472 2672 ,

260 2722 318 2795 (5)
340 2721 417 2782 Item
432 2718 549 2782 nullam
564 2721 825 2794 'conuencionem
843 2721 963 2783 nullum
978 2729 1122 2803 pactum,
1137 2723 1207 2784 nul-

174 2831 239 2894 lam
254 2831 548 2896 confederacionem
564 2841 595 2894 et
610 2833 727 2894 nullam
742 2832 924 2896 societatem
944 2853 1015 2894 cum
1034 2833 1138 2916 aliqua
1155 2835 1207 2897 uel

175 2942 336 3024 aliquibus
356 2943 499 3023 peasouis
524 2949 633 3004 contra
654 2941 717 3004 iam
740 2943 855 3006 dictum
871 2945 982 3006 ducem
998 2951 1029 3006 ct
1049 2964 1123 3006 suos
1138 2943 1208 3006 suc-

151 3076 153 3080 *
176 3075 331 3128 cessores,
349 3074 385 3118 ao
400 3055 500 3120 eciam
516 3063 625 3118 contra
640 3055 892 3120 communitatem
907 3055 1128 3130 veneciarum,
1149 3076 1208 3120 nec

170 3166 305 3247 -aliquod
333 3167 498 3232 consilium
525 3168 579 3229 uel
600 3167 752 3231 auxilinm
773 3168 904 3230 inimicis
929 3167 1027 3249 ipsius
1049 3169 1137 3230 ducis
1155 3169 1208 3231 uel

176 3297 306 3340 suorum
329 3275 564 3352 successorum,
587 3299 643 3340 seu
669 3278 897 3341 communitatis
917 3279 1125 3342 Veneciarum
1143 3279 1208 3342 tm·

176 3390 426 3470 pendemus-aut
447 3389 586 3470 impendi
609 3391 768 3470 pactemur
790 3399 896 3452 contra
913 3391 1029 3452 dictum
1045 3391 1156 3452 ducem
1177 3397 1209 3452 et

176 3501 432 3566 communitatem
443 3500 659 3573 Ueneriorum,
671 3519 730 3562 nec
741 3501 825 3582 ipsos
841 3500 994 3574 inimicos,
1005 3509 1057 3563 aut
1067 3502 1208 3582 ipsorum

177 3611 294 3676 amicos
315 3621 368 3675 aut
381 3611 525 3676 homines
540 3631 598 3692 per
610 3618 727 3674 terram
745 3619 883 3674 nostram
899 3613 1032 3674 transire
1047 3614 1207 3693 permitte·

176 3745 257 3796 mue,
272 3733 379 3786 contra
392 3725 549 3805 prelatum
561 3724 674 3785 ducem
684 3730 715 3788 et
727 3725 979 3786 communitatem
991 3725 1206 3788 Uenestorum.

233 3847 235 3850 ·
260 3836 316 3910 (6)
339 3837 416 3898 Item
439 3855 511 3914 cum
530 3835 672 3916 requisiti
696 3833 846 3896 fuerimus
870 3836 1043 3916 apredicto
1060 3837 1139 3898 duce
1154 3837 1208 3898 uel

174 3945 274 4027 ipsius
289 3948 487 4020 successore,
499 3952 594 4028 prout
609 3946 700 4008 decet
714 3946 753 4006 ab
768 3947 879 4020 amico,
895 3945 1058 4008 consilium
1074 3955 1105 4009 et
1119 3947 1207 4009 auxi-

173 4059 251 4121 lium
265 4059 483 4140 impendemus
495 4066 603 4134 contra
616 4077 690 4122 suos
705 4057 849 4120 inimicos
861 4066 892 4121 et
905 4057 1058 4133 infideles,
1070 4061 1205 4120 maxime
1285 4061 1289 4070 '

175 4173 259 4234 eirca
280 4171 447 4244 maritima,
471 4170 550 4234 sicut
572 4171 737 4235 consueuit
757 4171 875 4234 amicus
900 4172 1000 4236 amico
1021 4171 1150 4244 iuuare,
1180 4169 1207 4234 si

174 4283 350 4372 poterimus
365 4302 437 4348 cum
450 4283 535 4348 bono
550 4283 718 4350 ethonore
734 4289 764 4350 et
779 4281 878 4349 salute
892 4285 981 4374 regui
996 4281 1105 4348 nostri.
1181 4325 1183 4330 ,
