2904 4754
460 1017 616 1092 BELAE
643 1017 709 1094 lV.
739 1017 895 1092 REGIS

244 1153 448 1260 ttttttttls
472 1171 684 1260 fltsrlttttt
709 1173 763 1258 lll
788 1173 1125 1262 turattflttttzl.

580 1321 785 1384 ncexnvtt.

507 1449 530 1500 Is
548 1453 693 1500 transumto
716 1446 775 1498 anni
793 1448 863 1500 ttae.

580 1601 778 1616 m

251 1703 326 1769 Bela
341 1707 392 1769 dei
407 1706 512 1789 gracia
533 1706 708 1788 Hungarie,
730 1705 905 1780 Dalmacie,
927 1703 1071 1780 Croacle,
1092 1705 1198 1781 Reme,

167 1819 296 1892 Seruie,
317 1803 460 1890 Ga'llicie,
481 1815 687 1892 Lodomerie,
714 1815 864 1880 Cumania
892 1817 1103 1900 Bulgarieque
1129 1839 1197 1880 rex.

167 1928 330 1992 Uniuersis
345 1926 460 1990 Christi
474 1926 619 1988 fidelibus
633 1934 796 2008 presentes
810 1927 914 1992 literas
929 1929 1125 2010 inspecturis,
1148 1949 1199 1992 sa-

167 2041 266 2102 lutern
280 2030 464 2100 in'domin0.
499 2038 584 2120 quod
598 2037 687 2118 regia
702 2037 889 2101 authoritate
905 2041 1052 2113 sancitur,
1073 2039 1198 2102 firmum

168 2153 264 2216 debet
278 2150 443 2214 stabilitate
458 2151 638 2212 consistere.
660 2149 699 2212 ad
710 2151 927 2212 uniuersorum
939 2151 1033 2235 igitup
1041 2152 1199 2226 noticiam,

168 2261 371 2346 presenciam
397 2271 428 2326 et
451 2269 667 2342 posterorum,
687 2261 799 2322 barum
821 2261 902 2322 serie
921 2262 1067 2323 uolumus
1085 2281 1200 2344 perue-

168 2375 255 2436 nire:
287 2372 373 2454 quod
399 2373 585 2434 accedentes
611 2371 651 2432 ad
675 2375 814 2432 nostram
836 2371 1032 2452 presenciam
1057 2372 1198 2454 hospites

168 2484 269 2546 nostri
283 2482 436 2544 carissimi
453 2483 492 2545 de
506 2481 757 2564 Luprechtbaza,
772 2499 790 2544 a
805 2483 895 2544 nobis
912 2483 1078 2566 diiigenter
1092 2491 1200 2568 postu-

168 2595 289 2669 larunt,
305 2603 338 2656 ut
352 2592 526 2656 libertatem
542 2611 636 2675 quam
650 2591 770 2654 eisdem
784 2591 960 2675 hospitibus
975 2595 1090 2657 nostris
1102 2615 1200 2677 super

167 2709 270 2790 ipsam
284 2715 402 2770 terram
415 2705 653 2787 Luprechtbaza
668 2704 880 2767 concessimus
896 2705 1130 2787 perpetualiter,
1145 2709 1201 2771 de·

169 2820 271 2884 dimus
295 2827 325 2883 et
339 2818 525 2881 contulimus
548 2825 703 2879 eteorum
718 2816 951 2897 posteritatibus
968 2817 1199 2898 possidendam,

168 2939 279 2994 nostro
291 2931 490 3012 dignaremur
502 2929 666 3013 priuilegio
680 2927 877 2992 confirmare.
900 2949 1034 3010 quorum
1048 2929 1198 2994 libertatis

169 3043 268 3106 series
282 3043 351 3104 talis
367 3051 429 3104 est:

255 3150 299 3234 (1)
322 3137 359 3218 Ut
382 3155 422 3216 ad
446 3152 547 3234 ipsam
569 3152 713 3214 homines
738 3170 850 3215 secure
868 3153 1012 3226 ueniant,
1044 3159 1075 3215 et
1098 3151 1197 3216 libere

172 3272 415 3337 commorentur,
436 3274 468 3327 et
492 3283 563 3325 cum
587 3262 746 3326 noluerint
768 3264 934 3337 recedant,
955 3263 1049 3327 saluis
1073 3285 1199 3346 semper

174 3375 317 3440 omnibus
338 3377 501 3449 rebus,·et
521 3373 698 3437 uendendls
719 3351 784 3437 suis
806 3373 998 3450 utilitatibus,
1020 3395 1098 3458 quas
1115 3375 1200 3439 iece-

170 3487 234 3551 rint
246 3473 342 3568 super
356 3486 499 3549 eandem.

254 3596 370 3681 (atad
392 3597 543 3660 iudicium
565 3597 633 3660 uice
655 3595 755 3660 nostri
773 3597 900 3672 iudicis,
926 3599 1063 3680 exceptis
1083 3599 1198 3662 tribus:

172 3709 339 3791 sanguine,
359 3708 444 3772 furto
458 3707 608 3771 uidelicet
627 3716 658 3772 et
678 3693 857 3782 homicidio,
879 3709 911 3769 in
935 3707 1021 3770 nullo
1040 3709 1200 3790 pertinere

173 3823 403 3903 dignoscantur.
427 3821 484 3884 sed
498 3819 531 3882 in
545 3821 690 3883 omuibus
705 3819 773 3882 aliis
789 3819 891 3882 causis
907 3821 1097 3895 eorundem,
1118 3820 1202 3885 iudi-

172 3934 255 3998 cium
281 3933 409 3996 audiant
429 3931 554 3996 maioris
573 3927 650 3995 uilla
670 3933 828 4015 ipsorum,
858 3932 897 3994 de
919 3929 1032 4014 quibus
1053 3932 1202 3998 uidelicet

170 4047 270 4110 tribus
284 4044 406 4110 iudiciis
420 4045 517 4107 tercia
532 4063 604 4126 pars
618 4045 723 4108 uillico
738 4044 840 4108 eciam
854 4043 996 4106 eiusdem
1009 4044 1084 4107 uille
1099 4045 1200 4107 cedat.
1324 4049 1330 4072 ¹

255 4154 303 4240 (3)
324 4156 468 4220 Decimus
493 4174 571 4220 uero
592 4159 769 4220 eorundem
793 4154 827 4220 in
850 4156 991 4238 frugibus
1016 4164 1047 4219 et
1071 4157 1104 4218 in
1126 4155 1200 4218 uino

172 4275 313 4353 prestent
325 4269 483 4334 sacerdoti
496 4268 651 4352 ipsorum,
672 4289 766 4353 quem
779 4269 841 4351 ipsi
856 4267 1016 4350 elegerint.
