2904 4754
260 398 351 460 ,raam
371 403 413 450 rr.
433 399 524 455 taam
544 403 649 454 roras
671 404 795 460 ameum
817 405 850 455 m
869 405 957 459 arar.
984 387 1074 462 lato
1121 387 1182 456 toa

144 563 308 638 quatenus
327 557 411 622 ultra
433 557 566 625 formam
590 559 758 642 aremulus
779 559 980 634 obserualam
1003 561 1035 626 iu
1055 559 1182 626 tributis

144 666 227 735 uilril
250 667 375 750 peailus
397 671 524 757 erigere
547 672 753 754 presumatis,
774 669 913 754 alioquin
935 681 1183 754 transgressores

145 780 250 844 nostri
272 780 411 845 mandati
437 781 470 844 iu
498 801 635 864 persona
663 791 696 846 et
722 783 818 849 rebus
843 783 982 868 grauiter
1006 783 1183 866 puniemus·

141 892 265 954 Datum
295 891 329 952 in
357 890 531 994 Churgou,
560 893 594 956 iu
625 894 707 961 lesio
723 895 769 961 .·S.
793 894 920 980 Georgii
950 915 1035 982 auuo
1060 894 1181 964 domiui

145 1001 218 1067 MC.
233 1001 267 1066 C.
281 1003 316 1069 L·
332 1003 453 1086 quinto
542 1057 544 1064 .

535 1229 625 1237 ...ψ-..-

451 1375 607 1450 BELAE
633 1377 700 1452 IV.
729 1373 887 1451 REGIS

190 1531 334 1616 solur
361 1529 533 1656 lolam
558 1533 656 1618 loll
680 1533 725 1618 lll
752 1529 911 1618 oroma
940 1531 1148 1620 rlsrllsl.

590 1691 738 1756 orooro.

471 1849 494 1900 lo
515 1845 695 1914 manuscriptis
713 1848 863 1902 llevenesii.

232 2123 308 2188 Bela
321 2122 494 2204 dei'graoia
508 2123 686 2206 Euagrum,
707 2124 883 2200 llalmaeie,
905 2125 1051 2199 Croaeie,
1071 2126 1181 2199 Reme,

147 2233 275 2310 Seruio,
303 2232 448 2306 Galliam,
477 2233 665 2296 Lodomerie
687 2234 900 2317 Cumauieque
929 2256 1013 2310 rex,
1036 2235 1179 2298 omuibus

146 2346 350 2429 presencium
364 2343 592 2432 inspectoribus
606 2345 741 2408 salutem
755 2345 788 2410 in
802 2346 942 2412 omnium
957 2345 1126 2414 saluatore.

232 2459 279 2520 De
293 2457 488 2540 singulorum
501 2457 684 2538 'prouisione
699 2457 840 2532 solliciti,
861 2456 944 2520 oiroa
957 2475 1109 2540 personas
1124 2455 1181 2520 do-

150 2570 238 2634 mino
252 2569 367 2634 deuote
381 2567 609 2634 famolancium,
618 2588 726 2632 curam
742 2571 893 2635 debemus
910 2569 1095 2652 impendere
1106 2587 1181 2654 spe·

148 2681 319 2754 dialem-ut
333 2679 418 2761 quod
434 2687 614 2744 eternorum
629 2680 743 2746 iutuitu
756 2679 1016 2744 semiuauerimus
1031 2679 1180 2754 interris,

150 2789 448 2874 eum'multlplieato
468 2791 572 2856 fruolu
595 2791 626 2852 iu
652 2790 743 2864 celis,
772 2792 866 2854 dante
887 2787 1015 2856 domino
1036 2790 1179 2871 recipere

149 2883 323 2968 ualeamus.
344 2901 476 2986 proinde
492 2902 532 2964 ad
547 2899 767 2968 uniuersorum
782 2899 929 2964 noticiam
948 2899 1094 2962 uolumus
1108 2918 1181 2980 per·

148 3013 278 3086 uenire,
299 3014 385 3094 quod
403 3034 462 3076 nos
480 2989 631 3076 tribulum
652 3011 729 3085 lori,
750 3009 817 3072 siue
837 3008 1005 3082 solemnis,
1018 3007 1086 3072 siue
1099 3027 1181 3092 quo-

150 3124 277 3198 tidiani,
299 3125 329 3186 in
343 3131 447 3188 castro
461 3123 619 3197 Pesteusi,
640 3141 700 3186 uee
720 3101 790 3184 uou'
806 3129 896 3185 extra
909 3119 1083 3186 districtum
1097 3119 1181 3184 eius·

150 3237 225 3302 dam
251 3237 362 3314 castri,
394 3235 479 3318 quod
505 3233 594 3298 nobis
618 3233 789 3318 proponite
814 3233 955 3307 solebat,
987 3229 1179 3296 monasterio

149 3356 259 3412 sanate
279 3347 376 3411 llarie
399 3347 438 3412 de
461 3345 564 3410 insula
579 3343 739 3428 leporum,
759 3345 799 3407 ad
814 3343 1078 3411 sustentaciouem
1091 3363 1180 3408 soro-

148 3480 241 3533 rum,
261 3459 375 3540 iugiter
387 3457 505 3521 ibidem
521 3457 636 3520 deuote
652 3455 779 3518 domiuo
794 3453 1036 3528 famulantium,
1058 3475 1115 3535 pro
1132 3452 1179 3518 af-

149 3571 234 3634 fectu
261 3569 448 3632 donauimus
480 3575 511 3630 et
538 3565 724 3633 contulimus
756 3573 910 3648 perpetuo
941 3563 1179 3646 possidendum.

150 3681 356 3766 quamobrem
375 3677 518 3740 uolentes
541 3684 702 3757 amputare
722 3696 848 3740 omnem
868 3674 1056 3740 calumniam
1078 3682 1110 3738 et
1128 3693 1180 3736 so-

150 3791 220 3874 pire
242 3789 405 3854 materiam
426 3787 617 3869 iurgiorum,
646 3783 679 3850 iu
701 3784 823 3849 tributis
846 3783 1009 3865 exigendis
1027 3784 1095 3854 siue
1109 3803 1181 3865 perr

149 3899 323 3974 soluendis,
343 3897 446 3964 taliter
459 3896 606 3963 duximus
621 3893 830 3960 ordinandum
845 3900 877 3958 et
890 3893 1076 3958 taxandum:

233 4011 291 4086 (1)
311 4009 405 4084 Quod
418 4007 575 4075 tributarii
596 4025 654 4092 pro
669 4013 813 4089 tempore
829 4003 1004 4078 constituti,
1025 4001 1126 4066 modis
1149 4008 1180 4066 et

149 4120 367 4186 taxaoionibus
386 4118 467 4184 infra
481 4118 635 4184 adnotatis
650 4117 720 4182 iura
733 4117 920 4182 tributorum
935 4115 1071 4180 debeant
1085 4131 1178 4180 oxor-

150 4251 243 4302 ilerde
