2924 4758
282 397 342 462 328
420 414 445 459 s.
458 413 604 460 tanuen
623 413 713 460 nmis
734 413 901 462 mcnrun
922 416 944 460 1.
974 415 1057 462 annu
1077 415 1176 462 nxcrr.

282 568 442 652 adlegans
453 587 543 632 suam
557 569 718 652 antiquam
733 569 854 632 inuenti
868 569 986 632 fuerint
999 570 1173 646 rediuissc,
1187 589 1214 634 ‘a
1230 573 1322 636 sedi-

281 683 340 744 bus
354 682 418 744 suis
433 680 570 762 separati
586 681 626 742 ad
641 680 717 742 alias
731 679 823 744 uillas
837 681 1075 744 transferantur.
1107 679 1244 746 illinere
1259 684 1321 766 qui
1442 703 1443 738 r

280 791 486 874 inculpabiles
504 811 562 873 per
575 791 726 854 iudicium
741 798 967 874 apparuerunt,
988 791 1170 874 inpropriis
1184 793 1320 856 sedibus

281 911 473 966 remaneant.
881 957 883 965 .
1231 939 1235 944 ·

363 1011 429 1095 (10)
450 1015 494 1076 Dc
514 1016 648 1093 cmsiupr'c
666 1013 822 1076 ludentum
844 1025 870 1076 ct
888 1016 1123 1076 christianarum
1143 1018 1314 1078 mulicncm.

282 1126 314 1188 si
329 1125 417 1190 iudei
432 1145 547 1190 uxores
562 1125 747 1190 christianas
766 1125 825 1188 sibi
840 1125 1084 1199 concinnarint,
1106 1135 1160 1190 aut
1175 1127 1316 1210 aliquam

282 1257 448 1319 persenam
466 1237 665 1300 christianam
684 1239 716 1298 in
729 1237 964 1318 seruicicapnd
977 1257 1017 1300 se
1028 1238 1235 1312 detinuerint,
1255 1239 1317 1302 ab·
1442 1233 1443 1246 ¹

280 1349 341 1414 late
356 1351 395 1412 ab
411 1351 456 1412 eis
470 1349 609 1412 libertati
621 1349 805 1412 reddantur.
922 1387 925 1394 -

363 1459 429 1544 (11)
451 1463 494 1550 Dc
504 1464 686 1552 septipencic
700 1464 883 1522 ecclesiarum
897 1464 930 1524 ic
945 1462 1109 1524 dominicis.
1145 1463 1178 1524 Si
1193 1465 1265 1546 quis
1279 1465 1315 1526 in

281 1575 448 1640 dominicis
461 1576 572 1638 dicbus
593 1575 646 1638 uel
666 1576 699 1636 in
721 1573 889 1638 maioribus
908 1575 1132 1638 festiuitatibus
1153 1577 1193 1640 ad
1207 1578 1315 1640 eccle·

280 1689 359 1750 siam
378 1707 443 1750 non
465 1688 589 1750 uenerit
612 1687 841 1768 parochialem,
861 1687 1049 1752 uerberibus
1066 1688 1262 1770 corripiatur.
1285 1688 1314 1754 si

281 1819 358 1862 narn
380 1799 455 1862 uilla
477 1807 598 1860 remote
622 1798 754 1873 fuerint,
783 1808 815 1862 et
837 1800 876 1862 ad
898 1799 1064 1862 ecclesiam
1086 1801 1314 1881 parochianam

280 1909 388 1972 arillani
403 1910 512 1972 uenire
526 1929 590 1972 non
605 1909 775 1990 potuerint,
787 1929 869 1972 unus
879 1917 986 1972 tamen
997 1931 1036 1972 ex
1048 1909 1231 1974 eisncmine
1242 1931 1324 1994 cmg

280 2022 368 2086 nium
391 2039 462 2082 cum
485 2021 597 2084 baculu
617 2023 658 2084 ad
681 2021 849 2084 ecclesiam
869 2023 991 2095 ueniat,
1020 2029 1051 2084 at
1072 2030 1136 2085 tres
1156 2043 1255 2105 panes
1280 2032 1313 2086 et

281 2135 445 2198 candelam
459 2135 499 2198 ad
514 2132 611 2198 altare
625 2136 746 2196 alferat.

363 2245 428 2329 (lb)
449 2249 493 2310 Dc
507 2250 697 2310 ueneratione
709 2267 801 2327 capra
815 2249 961 2308 &armum
975 2249 1100 2310 dinam.
1144 2247 1177 2309 Si
1188 2247 1261 2332 quis
1277 2248 1312 2310 in

279 2361 458 2424 hisdiebus
488 2369 621 2423 uenatus
650 2361 761 2434 fuerit,
791 2359 922 2424 canibus
945 2368 977 2422 et
998 2379 1080 2442 equo
1099 2371 1223 2435 careat,
1251 2363 1313 2425 sed

280 2493 396 2555 equum
418 2475 502 2536 bone
516 2473 661 2535 redimat.
686 2473 713 2534 si
732 2491 811 2535 nero
825 2473 981 2554 presbiter
993 2481 1049 2534 aut
1063 2472 1196 2536 clericus
1216 2473 1314 2536 fuerit

279 2591 424 2658 uenatus,
446 2583 485 2646 ab
501 2585 612 2646 ordine
626 2585 797 2648 descendat
811 2604 912 2666 usque
927 2585 967 2646 ad
981 2585 1238 2648 satisfactionem.

363 2692 430 2776 (13)
451 2696 495 2756 Dc
519 2697 719 2776 intersectione
743 2697 883 2761 adultere.
931 2695 961 2757 Si
987 2695 1057 2778 quis
1082 2717 1214 2759 uxorem
1238 2715 1312 2760 cum

280 2807 342 2870 alio
362 2808 432 2870 uirc
451 2808 645 2870 adulterante
668 2807 847 2880 monuerit,
869 2809 930 2870 deo
952 2809 1112 2872 racionem
1134 2810 1256 2884 reddat,
1279 2819 1314 2872 et

280 2919 306 2982 si
327 2919 465 2984 nolucrit
482 2917 576 2982 aliam
598 2920 699 2982 ducat.
729 2919 755 2980 si
779 2937 855 2982 uero
878 2937 917 2980 ex
931 2920 1114 3001 propiuguis
1135 2920 1248 3002 aliquis
1264 2921 1312 2983 fe·
1361 2913 1369 2930 '

279 3031 363 3092 mine
378 3031 411 3090 in
426 3050 498 3095 eum
514 3031 732 3103 insurrexerit,
753 3031 841 3112 quud
854 3029 967 3091 iniuste
982 3031 1208 3104 interfecisset,
1229 3031 1313 3094 indi·

281 3143 329 3204 cio
344 3143 541 3205 discuciatur.
561 3151 593 3204 et
605 3143 683 3204 illud
697 3163 716 3204 n
729 3143 842 3204 uicinis
857 3159 966 3204 eorum
982 3143 1170 3204 omnimodis
1180 3143 1313 3205 inuesti-

281 3254 427 3336 gratensi
448 3253 481 3314 in
504 3254 706 3334 despectione
730 3261 761 3316 et
783 3261 963 3336 contemptu
986 3255 1072 3336 apud
1093 3255 1195 3316 uirum
1217 3273 1311 3316 suum

281 3375 381 3438 esset,
403 3372 457 3428 aut
476 3364 584 3444 aliqua
603 3365 740 3446 suspicio
756 3365 977 3428 fornicacicnis
1000 3367 1039 3428 dc
1060 3364 1114 3427 illa
1130 3367 1219 3447 prius
1239 3374 1311 3428 orta

280 3478 416 3540 fuisset..
431 3485 465 3540 et
478 3477 539 3538 buc
554 3477 726 3539 secundnm
739 3478 827 3558 quod
842 3476 1030 3539 racionabilc
1051 3477 1177 3540 uidetur
1197 3478 1311 3540 diiudi-

281 3598 378 3653 cetur.

364 3699 431 3783 (fb)
453 3702 498 3762 Dc
510 3701 704 3764 subtractione
717 3702 848 3762 latendo.
892 3699 1009 3782 Siquis
1025 3701 1064 3762 de
1079 3700 1223 3763 kalendis
1240 3701 1309 3762 sine

280 3813 447 3896 presbiteri
468 3814 515 3874 sui
531 3821 562 3876 et
573 3812 708 3877 fratrum
724 3813 852 3874 licencia
866 3811 1073 3886 subtraxerit,
1096 3828 1223 3874 manum
1234 3829 1309 3874 cum

281 3945 342 4006 qua
357 3924 584 3988 fraternitatem
598 3925 757 4006 promi-sit,
777 3924 1097 4004 cumdecern-pensis
1110 3923 1253 3986 redimat.

362 4034 427 4118 (15)
449 4037 493 4098 Dc
512 4038 689 4118 caplipcncic
710 4038 904 4118 [adiunctum
921 4038 959 4099 ¹cd
979 4037 1141 4116 capucium.
1190 4036 1222 4098 Si
1237 4036 1316 4118 qnia.

280 4151 312 4214 in
335 4149 497 4214 dominicis
520 4149 630 4215 diebus
652 4149 704 4212 uel
724 4150 757 4210 in
775 4149 944 4216 maioribus
963 4148 1186 4214 festiuitatibns
1208 4148 1310 4212 eccls-

279 4262 357 4326 siam
371 4261 534 4348 negligens
547 4267 719 4330 mereatum
735 4261 1003 4346 cequennuent,
1024 4279 1108 4346 equo
1123 4266 1239 4326 emeat.
