3048 4760
358 391 500 466 emacem
513 411 558 464 ru.
574 410 665 464 mars
679 410 1019 467 nrommrrornnomr.
1048 395 1146 466 tuti..
1199 393 1262 466 toi

235 570 446 638 dinisdebito
466 571 616 636 decencie
636 571 694 636 niti
712 571 842 636 ierimus
860 573 1029 656 refragari3
1051 582 1161 638 contra
1174 588 1261 636 eam·

235 685 308 750 dem
323 703 348 749 s.
360 681 608 764 strigoniensem
628 683 794 754 eeclesiam
805 684 892 748 atiud
907 685 1004 746 eciam
1020 685 1189 748 absurdum
1204 703 1261 746 ao-

235 795 381 869 diuimus,
401 785 471 876 ¹per
494 793 615 876 aliquos
640 795 834 876 petulancius
856 797 1021 860 ,attentare
1053 797 1139 878 qued
1162 815 1260 879 quum

234 914 427 971 mercatores
442 923 563 980 omnes,
585 905 624 968 de
638 905 720 971 ultra
733 907 878 972 Rhenum
893 907 947 972 aut
961 899 1001 972 de
1015 909 1163 982 Francia,
1184 899 1261 970 con·

234 1017 438 1100 terminisque
451 1016 511 1080 iuis
526 1015 678 1099 partibus,
692 1025 746 1084 aut
760 1018 860 1082 eciam
875 1018 915 1081 de
927 1018 1071 1082 Ueneriis
1085 1018 1261 1091 uenientes,

235 1129 340 1194 uenite
356 1137 500 1211 pareant,
520 1129 626 1194 tributi
639 1129 671 1192 in
687 1130 832 1192 omnihus
845 1121 1092 1205 suis'mercib'ns,
1114 1122 1190 1212 ques
1206 1130 1262 1194 de-

235 1249 376 1326 portent,
390 1241 448 1304 soii
463 1241 656 1307 Uiennenses
672 1250 704 1307 et
717 1241 960 1308 Ratisironenses
976 1250 1007 1306 et
1019 1241 1080 1306 iilis
1095 1241 1263 1314 conuicini

236 1373 345 1420 omnes
359 1351 506 1439 uidelicet
519 1353 774 1427 cis-Rhenenses,
794 1355 827 1416 in
842 1355 987 1418 omnibus
1002 1354 1071 1419 aliis
1085 1353 1263 1418 exsolucio-

236 1467 327 1531 nibus
342 1462 530 1528 tributorum
545 1453 652 1531 rerum
666 1455 891 1548 quarumlibet,
912 1485 970 1547 per
983 1465 1069 1548 ipsos
1081 1467 1115 1528 in
1128 1479 1262 1549 regnum

215 1573 396 1661 'uungnrte
420 1577 609 1653 dotatarum,
630 1597 665 1641 se
686 1597 758 1643 curn
778 1579 846 1641 aliis
864 1568 1100 1652 mercatoribus,
1121 1577 1263 1642 similiter

236 1689 395 1753 atributa
416 1687 636 1770 strigoniensis
661 1689 794 1753 ecclesie
817 1690 918 1760 teneri
944 1689 1090 1764 fatentur,
1111 1694 1262 1770 excepto,
1296 1737 1300 1742 r

236 1800 322 1882 quod
344 1800 387 1864 de
404 1799 514 1881 pannis
537 1793 697 1874 coloratis,
719 1801 758 1869 de
780 1817 916 1882 quorum
932 1801 1034 1883 ‘peciis
1056 1800 1263 1883 quadraginta

236 1913 282 1973 als
291 1903 435 1973 omnibus
455 1911 523 1977 aliis
536 1902 763 1977 mercatoribus
782 1913 849 1977 sine
865 1913 1067 1983 caussacinne
1081 1913 1188 1996 aliqua
1201 1912 1264 1976 sol-

235 2017 321 2086 uitur
336 2038 534 2096 morcarus,
554 2042 666 2086 uerum
682 2043 792 2086 omnes
806 2023 941 2104 predicti
956 2025 1208 2088 cis-Rhenenses
1223 2025 1262 2088 de

235 2134 385 2217 ligatura,
407 2135 459 2198 uel
475 2135 558 2200 Catia
577 2155 656 2210 una,
677 2143 881 2218 quotcunque
896 2134 1055 2202 contineat
1067 2136 1184 2218 pecias,
1205 2136 1264 2200 eui

236 2253 376 2320 cenum,
397 2245 539 2310 nituntur
553 2245 689 2330 qaedam
712 2245 967 2327 presumpcione,
992 2246 1083 2308 eheie
1102 2243 1264 2326 singulari,

236 2357 360 2422 minere
385 2359 610 2422 tandummodo
632 2358 755 2440 pondus
776 2377 891 2436 unum,
923 2343 996 2422 dum
1018 2377 1091 2420 suas
1115 2356 1263 2432 sarcinas,

237 2468 304 2532 siue
325 2469 421 2532 bailus
443 2459 620 2551 pannorum
640 2457 749 2532 talium
766 2470 849 2551 apud
865 2458 1023 2532 ciuitatem
1038 2469 1184 2552 strigonii
1199 2489 1263 2534 non

237 2579 397 2663 distigaa't,
411 2599 470 2644 nec
484 2579 662 2654 resoluunt,
676 2581 827 2662 quoniam
842 2581 1025 2664 distigantas
1038 2581 1166 2651 easdem
1180 2581 1264 2664 apud

186 2764 191 2770 ,
237 2691 427 2775 strigonium
450 2693 592 2756 similiter
606 2680 659 2755 aiii
679 2700 880 2767 mercatores,
902 2694 941 2756 de
956 2693 1067 2762 iisdem
1083 2695 1194 2776 pannis
1211 2711 1264 2758 cc-

236 2803 344 2868 ioratis
358 2803 481 2867 soluere
496 2802 647 2869 telonium
660 2803 741 2868 nihil
755 2812 948 2868 caussantur.

321 2909 366 2992 (2)
389 2912 474 2987 Quin
486 2913 550 2974 imo
565 2913 605 2976 de
619 2913 716 2977 rebus
728 2914 875 2982 omnibns
887 2911 978 2995 ipsis,
996 2931 1076 2996 quas
1091 2921 1122 2976 et
1133 2913 1194 2994 ipsi
1210 2915 1266 2978 de·

237 3025 343 3088 ierunt
357 3017 614 3099 cis-Rhenenses,
628 3025 752 3090 soluant
766 3045 829 3088 una
843 3043 914 3087 cum
929 3025 995 3088 aliis
1008 3032 1074 3087 tam
1089 3026 1128 3088 de
1142 3023 1265 3102 sidone,

239 3153 332 3219 mrem
348 3135 387 3200 de
402 3135 513 3218 pannis
528 3136 649 3220 griseis,
670 3157 704 3200 se
718 3127 886 3201 tuscanicis
901 3135 953 3200 uel
967 3135 1133 3218 penulatis,
1155 3145 1187 3200 et
1198 3157 1265 3199 om-

235 3249 329 3328 nibus·
353 3267 612 3331 prorsuseornm
632 3250 727 3316 rebus
747 3249 972 3334 incunctanter,
1001 3256 1033 3312 et
1052 3249 1265 3316 mercimoniis

239 3359 306 3423 aliis
318 3381 373 3442 per
386 3361 532 3444 uectigal.
553 3361 767 3444 quamobrem,
783 3380 879 3444 quum
890 3381 1000 3444 regum
1012 3369 1044 3426 et
1057 3362 1166 3425 mundi
1178 3363 1265 3444 prin-

238 3470 356 3552 cipum,
377 3473 510 3554 quorum
532 3479 580 3534 est
598 3463 762 3554 priuilegia
776 3471 951 3536 concedere
966 3474 1103 3548 condere
1124 3491 1181 3536 seu
1203 3473 1266 3536 lar·

239 3576 312 3663 gui,
332 3582 373 3644 ed
396 3575 525 3646 eosdem
550 3583 650 3646 eciam
672 3583 757 3665 prius
779 3603 1002 3648 concessorum
1026 3571 1265 3668 priuilegiorum

238 3693 397 3774 pertineat
419 3687 620 3776 interpretari
644 3693 805 3776 ambigua,
834 3693 980 3758 decidere
1003 3695 1099 3761 dubia
1125 3717 1183 3760 seu
1207 3717 1265 3760 no-

239 3805 331 3880 dosae
353 3823 496 3868 nuscum
517 3813 695 3872 nostrorum
715 3803 944 3880 consuitissima
958 3807 1190 3872 deliberacione
1209 3809 1268 3872 ba·

238 3927 352 3992 tonant
375 3925 407 3980 et
425 3935 594 3998 procerum
611 3948 653 3964 ·-
670 3950 713 3966 -
726 3916 924 3980 decernimus
939 3917 1095 3983 decisione
1110 3920 1213 4002 regia,
1232 3919 1266 3983 in
1298 3912 1300 3914 ’

237 4021 428 4112 perpetuum
442 4030 623 4106 obtentura,
645 4030 731 4112 quod
744 4029 811 4092 siue
825 4036 1016 4094 mercatores
1032 4031 1072 4100 de
1086 4032 1192 4107 Pesth,
1213 4029 1267 4097 uei

238 4141 279 4206 de
306 4141 414 4217 Bada,
446 4140 571 4224 illisque
598 4141 739 4225 pertibus
767 4139 939 4207 ccnuicinis
967 4163 1080 4208 uersus
1106 4135 1265 4208 laurinum

237 4245 453 4334 transeuntes,
481 4243 698 4340 'ingrediantur
733 4253 901 4324 ciuitatem.
919 4255 1084 4346 strigonii,
1119 4273 1179 4321 nec
1206 4239 1264 4340 ne,
