2924 4758
270 365 332 440 161
467 383 591 432 manser
612 383 780 432 nrcanruu
801 381 978 432 3313111111
1001 381 1101 440 naurs.

352 567 433 648 (10)
455 565 488 632 Si
510 569 581 652 quis
602 559 759 651 superbus¹
781 568 878 632 iudex
898 568 936 632 ad
960 559 1133 650 predictam
1147 555 1305 652 synodum

270 681 380 744 uenire
395 681 587 764 neglexerit,
608 699 666 742 suo
682 689 865 744 accusatore
878 679 1047 744 iudicetur.
1085 719 1088 722 -
1164 669 1167 676 ’
1247 669 1250 676 “
1296 678 1299 682 ’

277 827 281 833 -
354 787 437 867 ’(11)
465 792 498 854 Si
517 790 653 854 maiores
675 789 808 858 ministri
828 791 913 872 regis
935 798 966 853 et
984 779 1072 852 du'eis
1093 789 1145 852 uel
1167 789 1250 852 inter
1268 811 1304 854 13

270 903 325 968 uel
349 923 420 968 cum
447 903 619 966 maioribus
644 902 880 975 contenderint,
912 902 1006 964 etad
1031 902 1169 965 iudicem
1192 892 1305 964 uenire

273 1015 534 1098 contempserint,
557 1033 662 1076 comes
678 1013 886 1095 parochianus
901 1033 972 1075 cum
992 1005 1097 1076 iudice
1120 1033 1306 1078 331113133-

211 1151 213 1156 ·
273 1147 344 1192 rum
360 1128 542 1192 discuciant.

357 1239 437 1314 (12)
458 1237 549 1300 113111
562 1238 693 1300 ministri
706 1240 757 1318 qui
771 1240 804 1300 io
818 1257 900 1318 raepu
915 1239 1089 1318 replesset,
1112 1249 1139 1299 et
1160 1240 1236 1318 repis
1255 1224 1305 1318 poi

274 1352 308 1414 111
328 1370 413 1431 meaa
433 1359 501 1412 cont
522 1351 614 1421 ducis,
638 1359 704 1412 uota
724 1351 855 1412 cumdem
875 1361 902 1412 at
922 1351 1061 1423 iudicem,
1089 1352 1216 1412 minores
1236 1369 1305 1411 acro

275 1473 343 1526 31113
355 1464 482 1524 iudicem
494 1463 651 1542 delitipect.

356 1575 438 1652 (13)
459 1574 496 1637 st
510 1593 601 1637 comcs
615 1593 680 1636 cum
695 1575 797 1636 comite
816 1575 1009 1645 conlaudauit,
1033 1575 1217 1655 adpopulos
1231 1575 1301 1647 3131,

275 1709 325 1752 ssu
343 1689 484 1768 synodica
510 1689 647 1750 discrecio
674 1707 722 1750 scu
749 1687 864 1750 31111131
891 1707 982 1750 comer
1002 1705 1224 1752 caesareorum
1245 1689 1303 1750 uts-

276 1802 384 1864 curtat.

359 1910 437 1988 (11)
457 1910 566 1972 Nullus
581 1919 741 1992 presumat
756 1911 906 1974 secularis
921 1909 1033 1974 iudicis
1045 1909 1181 1994 sigillum
1191 1909 1304 1974 clerico

276 2021 366 2084 dare.

360 2135 437 2210 (15)
460 2132 542 2208 Quia
555 2152 596 2195 oo
607 2133 711 2194 minus
728 2133 853 2196 uidetur
867 2133 976 2198 ualere
990 2133 1093 2208 curia,
1116 2153 1180 2216 quo
1204 2135 1306 2198 minus

277 2251 448 2328 suppetunt
468 2244 664 2318 necessaria,
688 2263 726 2306 ne
747 2251 855 2308 nostra
877 2243 1096 2319 habundancia
1115 2245 1148 2306 in
1169 2244 1237 2307 eius
1255 2265 1307 2306 su-

276 2355 411 2438 periluat
425 2353 566 2437 penuria,
582 2355 700 2436 placuit
714 2373 822 2418 ornnes
838 2355 987 2437 piscinas,
1003 2363 1110 2436 preter
1125 2375 1204 2438 quas
1217 2341 1307 2418 sanc-

276 2475 328 2530 tus
349 2466 528 2548 Stephanus
550 2467 742 2540 donauerat,
771 2466 911 2548 sumptui
932 2453 1030 2548 regali
1051 2467 1204 2542 reddere,
1233 2468 1307 2548 qaia

277 2579 442 2660 indignum
465 2585 532 2640 erat
552 2571 643 2646 nobis
664 2568 885 2642 recedentibus
905 2579 1054 2642 curialem
1068 2579 1234 2642 nobiscum
1249 2574 1307 2641 ho-

277 2707 388 2752 norem
401 2681 568 2763 recedere,
589 2689 643 2751 ubi
659 2697 776 2770 prestat
791 2710 849 2754 nos
862 2677 1029 2755 uenientes
1041 2691 1163 2773 copiam
1177 2691 1306 2754 honoris

277 2801 433 2866 inuenire.
519 2794 521 2799 ’

361 2915 441 2990 (16)
463 2907 610 2978 Similiter
638 2913 836 2980 decredimus
854 2901 1001 2997 'piscinas
1026 2917 1229 2980 monasteriis
1256 2917 1310 2980 nel

278 3025 411 3088 ecclesie
427 3026 514 3088 datas
529 3026 604 3090 alias
621 3025 750 3108 quidem
765 3027 917 3101 reddere,
939 3029 995 3090 sed
1010 3029 1205 3094 necessarias
1221 3028 1311 3092 cotti⁴

279 3136 373 3202 diano
387 3135 517 3200 fratrum
531 3137 602 3200 usui
616 3137 796 3219 relinquere
804 3183 813 3212 ‚
835 3139 936 3201 nullas
956 3119 1034 3200 uero
1058 3139 1118 3200 nisi
1132 3141 1308 3220 superfluas

279 3249 426 3312 aufferre.
1307 3229 1311 3235 ’

362 3360 443 3435 (17)
463 3357 575 3433 1111133,
597 3359 796 3433 mansiones„
817 3367 918 3435 13113,
941 3381 958 3424 3
982 3361 1136 3442 regalibus
1158 3360 1310 3443 quibusli-

278 3471 334 3536 bet
348 3472 435 3544 date,
456 3477 700 3552 perseueranter
715 3469 764 3534 his
779 3471 892 3554 quibus
910 3472 1071 3547 dabantur,
1094 3480 1309 3554 permaneant.

363 3581 440 3658 (18)
455 3580 555 3644 Siluas
568 3581 709 3646 ecclesii-s
723 3583 810 3646 datas
821 3584 949 3648 minime
961 3585 1088 3650 aullcrri
1100 3585 1310 3650 concedimus.

362 3693 441 3767 (19)
463 3692 590 3758 Ueteres
606 3692 709 3756 coloni
725 3693 828 3769 eiecti,
848 3701 964 3758 terram
979 3716 1043 3758 non
1056 3695 1210 3758 habentes
1226 3694 1316 3770 31111,-
1402 3717 1404 3720 ’

280 3802 321 3866 ad
342 3821 431 3864 suam
453 3811 662 3876 reuertentur.
691 3805 717 3866 si
732 3812 815 3867 terra
831 3825 941 3868 eorum
956 3807 1028 3870 data
1051 3813 1098 3870 cst
1112 3805 1310 3877 monasteriis

279 3915 332 3978 uel
353 3912 509 3991 ecclesiis,
532 3923 564 3980 et
582 3915 642 4000 ipsi
664 3916 757 3979 aliam
777 3917 909 3993 babent,
939 3918 1000 3982 buc
1021 3917 1252 3986 inuiolabiliter¹
1267 3919 1312 3985 ita

279 4021 473 4108 permaneat.
622 4021 625 4025 ’
928 4016 930 4020 ’

363 4139 442 4215 (20)
463 4133 683 4210 Possessiones
705 4141 845 4224 quolibet
868 4149 1017 4206 asancto
1037 4141 1198 4225 Stephano
1221 4142 1312 4218 date,

280 4247 418 4316 humane
438 4251 647 4318 successionis
670 4254 1010 4338 quoslibctcontingat
1033 4235 1234 4322 successores
1258 4243 1313 4320 uel
