3048 4760
234 469 365 516 sunm
380 471 426 516 ιιι.
438 466 531 516 euers
544 463 695 512 erasurus
709 465 867 512 nosrrruu
880 467 922 514 un
936 465 1074 514 ruccas.
1090 449 1181 513 1291.
1204 445 1264 514 out

235 621 343 686 (iatum
356 641 414 704 per
427 611 539 684 manus
554 619 679 682 disereti
693 619 754 682 uiri
768 603 907 702 magistri
923 617 1099 696 Theodori,
1119 619 1266 684 Alliensis

234 721 368 797 ecclesie
384 739 489 794 nostre
505 729 668 814 prepositi,
683 729 754 794 aule
769 739 877 794 nostre
886 731 1145 812 nicecauceiiarii,
1159 721 1266 796 dilecti

235 851 266 907 et
288 841 390 906 iitieiis
415 841 523 906 nostri.
555 863 639 906 anno
662 843 780 906 domini
805 843 897 907 MCC.
918 833 1126 926 nonagesimo
1151 843 1265 926 primo,

235 962 348 1018 octauo
364 953 516 1017 kalendas
531 953 640 1017 marcii
654 954 745 1038 repni
760 961 866 1019 autem
880 955 978 1020 nostri
990 956 1094 1040 primo
1109 974 1202 1018 anno.

546 1482 725 1576 tium
749 1489 808 1576 111
833 1486 956 1576 tisis

284 1655 552 1778 nrnnnras]
577 1679 855 1776 nosnrrnn
884 1683 954 1774 nn
971 1681 1214 1774 ‚rnonns

666 1853 831 1920 MCCXCi.

551 2023 575 2076 E
594 2022 779 2090 manuscriptis
798 2022 951 2080 (iornidesii.

318 2298 458 2362 Andreas
474 2297 526 2360 tici
541 2285 646 2380 gructa
661 2304 719 2360 ete.
733 2317 799 2360 rex.
820 2297 952 2379 Regiam
966 2297 1057 2360 decet
1070 2296 1265 2361 maiestatem

237 2427 403 2471 numerum
418 2408 577 2492 hospitum
592 2407 651 2471 sibi
665 2407 888 2483 famuianeinm
902 2407 1125 2492 multiplicare,
1143 2419 1175 2473 et
1188 2428 1266 2492 pau-

236 2522 410 2604 pertatibus
432 2530 464 2584 et
482 2505 590 2604 inopie
604 2521 745 2603 ipsorum
758 2521 944 2596 subuenire·
964 2529 999 2584 ut
1012 2521 1107 2584 iidem
1122 2539 1140 2584 a
1154 2539 1266 2584 neces-

237 2633 379 2696 sitatibus
399 2633 537 2716 ipsorum
561 2632 715 2708 alieuiuti,
737 2633 870 2700 naturali
886 2634 1013 2697 domino
1033 2633 1215 2709 feruencius
1236 2641 1268 2697 et

237 2747 420 2828 expedicius
434 2748 560 2810 ualeant
575 2746 750 2812 deseruire.
772 2745 903 2829 proinde
921 2747 961 2808 ad
975 2746 1195 2809 uniuersorum
1209 2765 1268 2810 no·

238 2858 343 2920 tioium
356 2865 467 2921 tenore
481 2858 682 2940 presencium
695 2856 843 2920 uolumus
858 2855 1040 2938 peruenire,
1062 2858 1148 2939 quod
1161 2857 1270 2939 hospi·

239 2967 321 3034 tiirns
336 2967 450 3030 nostris
464 2969 505 3057 ¹du
522 2968 649 3032 Thorda
664 3012 673 3029 .
688 3011 720 3030 ..
741 2967 845 3042 Aitna,
868 2966 921 3052 qui
936 2966 1041 3030 omniu
1062 2965 1270 3032 instrumenta

238 3078 378 3160 ipsorum
393 3099 488 3162 super
502 3086 585 3142 statu
599 3075 753 3142 libertatis
768 3097 879 3142 eorum
894 3076 1039 3140 coniecta
1052 3076 1085 3138 in
1100 3085 1203 3140 castro
1218 3077 1271 3139 uia

238 3191 334 3266 Bain,
355 3199 497 3274 tempore
514 3193 717 3268 Turtarorunr
732 3235 743 3254 .
756 3235 787 3252 ..
806 3235 814 3252 .
830 3235 839 3253 .
853 3234 862 3253 .
878 3190 1008 3253 eosdem
1022 3189 1168 3252 l'artaros
1182 3189 1271 3252 dixe-

239 3310 312 3364 runt
332 3301 403 3383 igne
426 3323 497 3367 esse
519 3310 685 3368 consumta
709 3310 741 3365 et
761 3301 860 3366 eciam
884 3308 1104 3376 concremata,
1132 3301 1217 3384 quod
1238 3310 1270 3366 ei

239 3411 330 3475 nobis
350 3412 536 3496 permultos
557 3415 694 3479 barones
715 3421 747 3478 ei
760 3412 889 3476 nobiles
911 3413 1001 3494 regni
1016 3413 1117 3476 nostri
1132 3411 1271 3476 constitit

239 3522 414 3600 euidenter,
441 3525 526 3589 iilum
548 3536 580 3592 et
599 3527 732 3596 eandem
755 3526 965 3590 concessimus
986 3525 1176 3600 libertatem,
1206 3545 1268 3610 qna

239 3635 502 3718 hospitesnostri
526 3638 564 3699 de
583 3638 769 3722 caesarina„
797 3638 862 3700 Zeis
886 3648 917 3702 et
942 3637 1039 3700 Koios
1065 3637 1269 3720 gratulantur,

239 3755 409 3810 statuentes
424 3747 615 3829 specialiter:

322 3859 379 3934 (i)
400 3859 438 3921 Ut
451 3857 556 3922 nulius
568 3861 716 3942 uoyuoda
730 3867 839 3922 noster
850 3878 906 3942 pro
918 3866 1060 3942 tempore
1072 3861 1269 3936 constitutus,
1371 3916 1375 3926 .

239 3989 276 4034 uc
296 3967 493 4052 periochiaiis
508 3989 614 4032 comes
632 3971 671 4032 de
687 3967 832 4055 Thorda,
853 3969 906 4033 uei
920 3967 1071 4034 officiales
1086 3971 1269 4054 eorundem,

237 4081 271 4144 in
285 4081 350 4144 ulio
366 4080 497 4146 articulo
508 4099 689 4147 caussarum
705 4081 826 4166 possint
838 4081 891 4146 uei
906 4081 1042 4145 debeant
1052 4101 1107 4144 cos
1121 4080 1270 4156 iudicare,

238 4200 346 4276 preter
361 4211 529 4276 personam
543 4200 650 4257 nostre
665 4193 836 4274 maiestatis
850 4191 904 4257 uei
918 4192 1102 4276 magistrum
1117 4189 1271 4254 Tauerni·

240 4321 350 4370 corum
363 4313 562 4381 nostrorum,
583 4305 638 4393 qui
651 4325 710 4392 pro
725 4313 867 4391 tempore
882 4305 978 4370 inerit
992 4303 1187 4369 constitutus.
1207 4323 1269 4370 uec
