2924 4758
283 387 344 456 ddi
501 409 625 461 rrrmcr
646 409 814 462 orcanrou
835 411 1011 460 eocouuuu
1034 409 1137 460 mou.

366 565 446 644 (28)
467 565 501 628 si
514 565 684 648 pristaldos
702 565 815 632 iudicis
833 583 891 647 pro
907 584 1003 628 causa
1017 564 1186 638 diiudicata
1206 564 1246 639 ab
1260 564 1313 630 ali-

285 696 348 758 quo
368 677 597 752 uerberahitor,
619 677 763 742 adhunc
782 698 801 742 a
821 675 934 740 comite
957 676 1092 740 ciuitatis
1113 674 1264 750 mittatur,
1285 683 1314 742 et

285 789 438 874 quidquid
453 789 660 852 deliberatum
675 797 723 852 est
734 796 833 853 tutum
848 765 1029 851 aufferatur.

368 901 449 976 (29)
471 900 585 962 ludicis
605 899 774 982 pristaldos
793 900 872 962 tales
893 917 962 962 esec
984 898 1187 982 precipimus,
1208 899 1314 981 quales

284 1007 418 1073 idoneos
434 1019 531 1073 testes
545 1010 615 1074 fieri
630 1010 823 1072 iusseramus
838 1029 943 1091 supra.

369 1123 448 1198 (30)
470 1121 503 1184 si
527 1122 698 1204 pristaldos
721 1121 833 1187 iudicis
861 1122 893 1182 in
917 1120 1081 1203 legacione
1110 1121 1178 1184 eius
1204 1121 1313 1184 iniuste

288 1235 364 1318 quid
379 1235 495 1316 egerit,
517 1235 705 1316 dampnetur
718 1254 790 1296 eum
804 1234 908 1299 iudico
924 1253 964 1295 eu
977 1233 1086 1314 iniquo
1101 1233 1264 1308 mandato.

369 1347 447 1421 (31)
469 1349 623 1410 Damnum
645 1366 664 1410 a
684 1346 788 1410 iudice
809 1365 867 1427 per
885 1345 1069 1428 pristaldunr
1090 1343 1184 1408 alicui
1205 1345 1314 1408 iniuste

271 1434 424 1531 illatum,
446 1457 596 1520 derebus
613 1456 726 1520 iudicis
740 1457 932 1521 restituatur.

369 1569 446 1644 (32)
469 1569 500 1630 si
515 1567 585 1650 quis
606 1576 722 1632 terram
744 1568 871 1640 alterius
886 1568 927 1630 ad
941 1566 1169 1649 possidendum
1189 1567 1251 1632 sibi
1272 1567 1316 1630 in·

286 1677 368 1744 iuste
381 1682 600 1762 usurpauerit,
622 1699 693 1742 oum
715 1680 748 1742 iu
769 1679 885 1744 iudicio
907 1699 979 1744 reus
1002 1678 1113 1752 suerit,
1134 1679 1317 1741 tantundem

288 1791 328 1854 de
343 1791 470 1872 propria
484 1799 569 1854 terra
584 1791 711 1870 perdat,
732 1791 866 1871 insuper
879 1791 989 1852 decem
1012 1809 1126 1870 pensas
1148 1790 1318 1870 persoluat.

370 1902 447 1976 (33)
468 1903 670 1977 Mercatores,
692 1903 731 1964 ob
749 1903 781 1964 id
802 1901 903 1964 solum
929 1909 963 1964 ut
983 1900 1137 1964 ditescant
1158 1902 1319 1984 uenalium

286 2033 393 2078 rerum
415 2013 511 2078 dediti
533 2013 654 2089 studiis,
676 2013 807 2095 pristina
829 2011 990 2096 duplicent
1011 2012 1138 2074 tributa.
1163 2033 1320 2095 pauperes

286 2143 365 2191 uero
380 2124 433 2206 qui
449 2125 488 2199 de
505 2133 643 2192 mercato
660 2125 788 2198 uiuunt,
809 2125 967 2206 persoluta
988 2124 1105 2186 tributa
1126 2125 1321 2205 persoluaut.
1444 2151 1445 2196 r

370 2238 452 2314 (at)
474 2239 507 2302 si
522 2237 592 2320 quis
614 2238 653 2300 de
673 2237 811 2318 propriis
833 2244 864 2300 et
881 2236 1059 2300 domesticis
1079 2237 1173 2300 rebus
1189 2237 1267 2318 quid
1288 2239 1320 2314 in

287 2349 359 2428 foro
373 2349 570 2428 uendiderit,
590 2348 662 2430 lege
678 2349 776 2413 sancti
792 2347 943 2427 Stephani
958 2347 1106 2408 tributum
1120 2348 1244 2412 reddat.

371 2462 451 2535 (35)
473 2461 505 2520 Si
526 2460 596 2542 quis
617 2459 778 2540 hospitum
800 2458 906 2520 accola
921 2466 1036 2520 terram
1058 2457 1175 2520 ciuium
1191 2459 1320 2526 cohabi-
1444 2535 1445 2542 ἵ

288 2577 425 2644 lateant
440 2571 530 2636 ,iuxta
552 2571 752 2638 medietatem
773 2569 952 2634 substanoie
976 2569 1114 2633 ciuilium
1127 2572 1320 2652 expedicio·
1414 2651 1417 2658 ,
1444 2561 1445 2564 '

288 2703 362 2748 nem
376 2683 485 2757 faciat,
508 2691 561 2746 aut
574 2690 647 2746 octo
663 2681 810 2746 denarios
824 2681 936 2745 soluat.
1216 2749 1219 2754 ,

373 2795 453 2870 (36)
475 2794 610 2870 Quando
632 2813 689 2866 rex
711 2793 762 2856 uel
785 2795 849 2856 dux
869 2793 1098 2858 incomitatum
1121 2794 1259 2878 aliquem
1273 2796 1321 2858 in·

288 2906 435 2980 nouerit,
455 2912 529 2971 tuuc
547 2906 658 2990 legalis
682 2925 783 2987 equus
805 2883 1002 2982 exercitualis
1025 2913 1195 2986 prestetur.
1210 2885 1280 2988 ⁴qui
1294 2907 1321 2984 si

290 3038 352 3102 quo
368 3037 445 3082 casu
459 3025 601 3082 mortuus
615 3018 719 3090 suerit,
737 3017 796 3078 XV
806 3009 904 3098 pen'se
920 3018 1047 3080 domino
1062 3017 1137 3099 oqui
1152 2995 1320 3092 donentur.

288 3131 316 3194 si
329 3151 407 3200 uero
423 3130 635 3212 aliquomodo,
650 3130 707 3190 sed
721 3149 784 3190 nun
800 3129 952 3210 usquead
967 3136 1099 3190 mortem
1113 3127 1197 3192 lesus
1213 3128 1325 3208 tuerit

288 3243 420 3326 predicti
433 3242 533 3322 precii
547 3259 620 3321 pars
636 3239 764 3301 dimidia
777 3259 836 3320 pro
852 3215 934 3321 equo
949 3240 1111 3301 reddatur.
1126 3221 1129 3226 ¹

372 3355 405 3416 Si
419 3371 533 3434 magna
547 3351 630 3412 fama
643 3351 677 3414 in
690 3350 863 3414 marchiam
876 3349 1047 3424 intrauerit,
1063 3369 1170 3424 comes
1185 3353 1321 3416 nuncios

289 3467 379 3540 duos,
401 3463 492 3546 equis
508 3461 750 3524 exercitualibus
764 3471 900 3543 quatuor
915 3461 955 3522 ad
977 3481 1086 3544 regern
1108 3463 1232 3545 dirigat.
1265 3463 1321 3546 qui

289 3597 359 3649 cum
381 3555 510 3657 proprio
532 3572 602 3636 cibo
624 3573 697 3634 illuc
717 3571 958 3652 peruenieotes,
987 3571 1128 3652 precium
1144 3573 1251 3655 uiatioi
1274 3574 1324 3637 sui

289 3707 308 3750 a
321 3685 462 3748 Palatino
478 3685 591 3748 comite
607 3682 743 3764 exigant,
765 3690 796 3744 et
814 3681 997 3772 tantundem
1011 3683 1052 3744 ad
1066 3681 1204 3745 reditum
1218 3703 1324 3767 suum.
1402 3717 1404 3720 ⁴

289 3799 315 3861 si
331 3818 408 3861 uero
424 3799 497 3880 equi
512 3797 637 3860 illorum
652 3795 767 3858 mortui
782 3793 834 3864 uel
848 3792 906 3854 lesi
921 3793 1047 3867 fuerint,
1073 3802 1117 3856 tot
1132 3811 1230 3888 pense
1246 3803 1325 3879 quot

289 3910 539 3992 supradiximus
560 3929 618 3991 pro
641 3909 731 3990 equis
751 3907 934 3972 reddantur.
955 3905 1014 3968 sed
1034 3889 1062 3968 si
1081 3906 1150 3972 sani
1171 3907 1327 3988 redeant,v

288 4039 347 4102 pro
362 4037 428 4098 una
438 4020 493 4084 uia
508 4018 692 4100 exercituali
707 4019 885 4101 deputetur.
1040 4005 1043 4092 J
1135 4099 1138 4102 ῃ

370 4131 453 4208 (37)
473 4131 509 4212 Iu
529 4149 759 4214 quamcumque
779 4109 913 4202 ciuitatis
935 4148 1061 4216 magam
1083 4149 1142 4194 rex
1165 4131 1326 4215 digredia-

288 4251 349 4320 tur,
369 4243 413 4307 ibi
426 4241 548 4310 iudices
564 4242 643 4320 duos
657 4241 797 4327 megalcs
813 4260 885 4304 cum
900 4259 939 4304 eo
955 4241 1147 4328 remigraret,
1170 4243 1226 4328 qui
1247 4261 1327 4330 conr
