2924 4758
359 410 481 464 enarrer
501 412 668 462 paenarum
688 413 866 462 cenomani
891 409 993 460 anau.
1129 393 1189 466 ddi

158 571 323 636 dumtaxat
337 569 433 652 dignu
447 567 595 632 constitui
609 567 767 642 examine,
787 573 842 631 tuo
858 567 958 630 eciam
971 565 1088 630 iudicio
1102 585 1120 630 a
1135 567 1191 632 de·

158 682 359 748 trubencium
374 681 555 748 muniantur
568 680 681 743 liuore.

244 793 308 868 (1)
330 791 450 854 Placuit
463 791 532 874 regi
553 798 585 853 et
596 790 738 852 omnium
751 789 886 856 concilio
904 799 941 856 ut
962 791 1043 853 dotis
1064 789 1190 854 cuiusli-

156 905 213 968 bet
226 905 443 987 possessiones
459 903 656 966 monasteriis
670 922 728 964 seu
738 901 878 966 ecclesiis
894 902 1015 964 abeato
1028 901 1189 984 Stephano

157 1035 235 1098 rege
250 1015 401 1096 disposite
416 1013 601 1076 inconuulsa
616 1021 799 1076 remaneant
814 1021 845 1076 et
858 1021 974 1078 cetera.

243 1128 303 1202 (2)
325 1125 406 1200 Quia
428 1125 563 1208 populus
586 1134 694 1190 noster
706 1127 829 1208 maguis
848 1146 924 1208 sepe
944 1133 1007 1189 tam
1026 1126 1078 1190 uie
1093 1145 1190 1208 quam

156 1235 266 1318 inopie
288 1235 448 1298 laboribus
471 1242 678 1318 pregrauatua
699 1254 756 1318 pro
771 1236 911 1318 qualibet
924 1237 1111 1301 necessitate
1134 1257 1190 1300 cu-

155 1350 239 1414 riam
253 1347 393 1430 regalem
409 1347 497 1412 adire
512 1367 575 1410 non
589 1355 703 1429 potest,
720 1349 768 1410 bis
783 1347 816 1410 in
831 1361 925 1423 anno,
944 1348 978 1410 id
993 1357 1041 1412 est
1055 1348 1088 1410 in
1101 1347 1190 1414 lesti-

157 1459 258 1523 uitate
280 1459 494 1541 apostolorum
508 1457 644 1540 Philippi
668 1466 699 1522 et
716 1459 837 1533 Iacobi,
865 1467 896 1522 et
910 1460 943 1522 in
957 1461 1076 1524 octonis
1090 1459 1190 1524 sancti

157 1569 333 1644 Michaelis,
362 1569 517 1654 synodum
539 1569 572 1632 in
592 1588 656 1632 uno
678 1587 806 1653 quoque
830 1569 1013 1652 episcopatu
1035 1569 1189 1634 celebrari

158 1681 388 1755 constituimus,
409 1683 441 1744 in
456 1691 595 1764 quatem
612 1701 718 1746 comes
734 1689 765 1744 et
780 1683 920 1756 comites,
941 1701 1036 1764 quam
1050 1681 1189 1764 reliquo-

157 1813 228 1858 rum
246 1793 484 1875 magistratuum
507 1799 677 1874 potestates
698 1793 738 1855 ad
760 1811 852 1854 suum
871 1791 1055 1874 episcopum
1070 1809 1188 1856 conue-

156 1906 263 1980 niant,
284 1905 325 1968 ad
340 1924 435 1987 quam
449 1907 630 1986 quicunque
645 1903 747 1974 eciam
767 1903 835 1969 siue
852 1903 954 1986 sigillo
969 1911 1101 1968 uocatus
1122 1923 1187 1966 nou

157 2016 299 2090 uenerit,
320 2037 393 2078 reus
407 2015 512 2078 iudicii
526 2015 595 2078 erit.

241 2129 297 2204 (3)
318 2128 502 2210 Alienigena
521 2127 678 2210 presbiter
690 2127 744 2190 uel
760 2129 920 2209 dyaconus
936 2147 1008 2192 cum
1026 2147 1187 2191 commen·

157 2242 279 2308 daneiis
293 2240 392 2304 literis
405 2239 606 2321 recipiantur.
636 2240 692 2322 qui
705 2260 782 2302 uero
796 2239 949 2302 hacteuus
966 2240 1085 2321 recepti
1105 2247 1187 2314 sunt,

158 2353 185 2418 si
205 2352 274 2416 iure
296 2351 441 2414 uenerint
462 2351 691 2425 examinentur,
712 2358 867 2432 quatenns
886 2351 925 2416 de
946 2351 1060 2433 quibus
1076 2350 1188 2433 aliqua

156 2485 252 2528 aures
266 2471 390 2528 nostras
409 2463 514 2545 pulsat
527 2463 671 2539 infamia,
692 2463 726 2524 bi
746 2463 784 2526 ab
800 2463 906 2526 officio
921 2470 1064 2540 cessent,
1085 2465 1189 2528 donec

155 2574 211 2638 uel
224 2575 340 2638 iudicio
354 2581 528 2656 purgentur
541 2574 593 2638 uel
607 2575 646 2637 de
662 2583 745 2638 terra
760 2573 970 2646 eliminentur.

240 2685 297 2762 (l)
319 2684 428 2748 Nullus
443 2685 571 2767 indigue
585 2683 653 2748 siue
667 2684 855 2750 fideiussore
868 2687 1047 2769 recipiatur.

241 2799 301 2873 (5)
323 2797 551 2878 Episcoporum
574 2805 606 2860 et
630 2798 779 2860 comitum
803 2797 956 2880 capellani
976 2797 1029 2862 uel
1050 2797 1188 2881 reliquo·

155 2914 239 2982 rum,
258 2928 317 2991 per
330 2907 466 2990 sigillum
482 2908 620 2992 episcopi
635 2908 688 2972 uel
701 2908 931 2990 archiepiscopi
944 2909 986 2970 ad
994 2910 1187 2972 causandum

155 3029 321 3103 cogantur.

242 3134 301 3208 (6)
323 3131 356 3194 Si
370 3131 503 3197 alericus
517 3151 589 3193 cum
602 3129 689 3194 laicis
704 3150 830 3194 cansam
849 3130 961 3206 babet,
980 3152 1038 3213 per
1052 3131 1188 3214 sigillum

155 3244 269 3307 iudicis
292 3243 391 3306 laicus
416 3251 555 3325 cogatur.
587 3241 614 3306 si
638 3262 715 3305 uero
737 3243 836 3306 laicus
858 3243 954 3307 hahet
975 3263 1102 3308 causam
1115 3263 1188 3308 cum

157 3353 286 3430 clerico,
306 3375 365 3438 per
382 3353 519 3438 sigillum
542 3353 684 3436 episcopi
703 3354 755 3416 uel
777 3354 1033 3436 archipresbiteri
1054 3353 1187 3418 clericus

156 3474 298 3550 cogatur,
319 3467 358 3528 ab
374 3467 483 3548 eisquc
499 3485 571 3528 cum
585 3465 689 3529 iudice
704 3483 762 3532 sno
777 3465 1005 3530 examinentur.
1046 3513 1051 3524 .

242 3577 303 3656 (7)
325 3577 357 3640 Si
380 3578 443 3640 duo
464 3577 594 3640 comites
615 3597 673 3658 pro
694 3595 789 3642 causa
808 3577 914 3660 aliqua
935 3577 1132 3653 dissedeaut,
1153 3577 1187 3642 in

155 3688 337 3772 supradicta
349 3689 471 3771 synodo
485 3689 689 3752 uentilantur.

242 3802 301 3878 (8)
324 3801 356 3864 Si
378 3802 440 3864 duo
460 3799 592 3866 abbates
616 3799 853 3875 contenderint,
878 3800 910 3862 in
931 3800 1044 3864 eadem
1065 3802 1187 3885 synodo

154 3894 345 3977 iudicentur.
366 3965 367 3970 ,

246 4027 305 4101 (9)
325 4025 462 4090 Maiores
474 4025 608 4090 ministri
621 4025 705 4109 regis
720 4023 772 4088 uel
785 4025 873 4090 ducis
888 4032 919 4090 et
934 4025 1096 4109 capellani,
1109 4045 1194 4108 quo·r

154 4157 227 4202 rum
240 4137 386 4222 personis
399 4137 564 4222 indiguum
578 4145 627 4202 cst
640 4157 748 4204 coram
761 4138 966 4202 iudice'inlra
980 4157 1015 4204 se
1031 4137 1188 4212 conferre,

155 4249 655 4336 iucadcmspnodoiudiscntur.
898 4348 939 4412 Q
