2904 4754
265 393 327 462 ω
346 411 434 463 mss
448 411 489 462 n.
502 409 681 466 mmmmm
694 407 930 461 mennon
943 407 1185 460 momnis.
1204 387 1284 456 itit

266 567 315 632 dis
328 567 369 630 rb
383 565 511 632 Olacbis
528 573 560 630 et
572 563 703 640 Siculis,
723 564 808 629 idem
823 561 1079 646 archiepiscopus
1095 559 1227 644 accipiet
1239 562 1287 626 dc·

266 679 379 744 cimam
394 685 527 759 purtem.

348 789 407 862 (5)
426 787 506 850 item
519 786 605 870 quod
623 784 746 850 nobiles
764 783 855 868 regui
876 784 975 848 nostri
993 784 1052 868 ipsi
1071 783 1206 846 ecclesie
1219 783 1290 848 sui·

267 897 409 980 goniensi
426 895 646 978 possessiones
659 913 732 960 suaa
746 895 889 958 mucules
911 895 963 958 uel
977 895 1150 958 morientes
1163 895 1232 958 siue
1245 901 1291 957 rc'-

267 1007 443 1091 qnisicione
462 1008 549 1090 regie
570 1007 740 1072 maiestatis
761 1005 904 1072 ulteriori
917 1006 1024 1089 legare
1042 1013 1075 1072 et
1088 1008 1209 1070 donam
1223 1025 1293 1090 pos·

267 1117 343 1192 aiut,
364 1118 432 1182 sine
445 1118 619 1202 prciudicio
632 1127 736 1180 tamon
749 1117 966 1199 proximorum
980 1135 1108 1180 suorum
1122 1117 1291 1200 possessio-

267 1247 360 1304 num,
381 1229 631 1295 etscsubiicere
646 1229 904 1292 adosculandum
924 1247 1012 1292 more
1034 1229 1188 1292 nobilium
1207 1246 1291 1292 exer·

269 1339 455 1406 cituanoium
469 1341 617 1415 aliorum,
639 1339 728 1402 snluo
743 1341 829 1422 quod
840 1340 1005 1404 uduornici
1028 1357 1065 1402 ac
1080 1339 1177 1402 ceteri
1196 1339 1291 1402 serui·

267 1452 306 1516 lt·
320 1451 514 1516 condicionis
527 1451 671 1516 homines
684 1449 772 1534 regio
783 1459 814 1515 ct
826 1451 956 1532 reginali
967 1451 1121 1516 maiestati
1131 1451 1292 1516 subincen-

267 1571 331 1638 lca‚
359 1572 391 1628 ct
404 1564 444 1628 ad
457 1569 544 1628 certe
559 1563 691 1629 seruicia
703 1561 860 1644 deputati,
888 1562 948 1626 bec
961 1563 1067 1628 iacere
1082 1583 1145 1626 non
1162 1563 1290 1645 possint,

267 1675 329 1742 nisi
347 1695 501 1758 supereo
524 1693 583 1758 per
603 1669 803 1740 successores
823 1693 915 1758 reges
934 1675 1102 1758 requisioio
1123 1683 1155 1740 ei
1169 1675 1292 1758 priuile-

269 1787 360 1870 gialis
373 1787 538 1850 concessio
552 1785 698 1866 specialis
712 1787 753 1850 da
766 1805 850 1850 nouo
863 1787 1045 1850 baberetur.

352 1899 410 1974 (6)
431 1897 509 1960 llum
524 1899 610 1980 quod
632 1905 792 1984 utcunque
813 1898 845 1960 in
862 1898 1114 1982 possessionibus
1134 1899 1234 1982 ipsius
1248 1919 1293 1962 ec-

268 2009 364 2074 clesie
378 2008 600 2091 strigoniensis
623 2019 655 2073 et
675 2009 756 2072 inira
776 2007 834 2072 bas
855 2017 955 2072 metas
975 2009 1136 2073 metallum
1157 1992 1227 2074 auri
1246 2007 1294 2074 uel

269 2121 410 2204 argenti,
438 2119 491 2182 nol
512 2121 725 2203 quodcunque
749 2119 834 2182 aliud
858 2119 1053 2196 inueniatur,
1080 2122 1140 2204 ipsi
1166 2123 1294 2186 ecclesie

270 2233 441 2298 dinoscitur
454 2232 612 2314 pertinere
625 2230 659 2294 in
673 2238 738 2294 tota
752 2230 870 2294 urbura
882 2230 1094 2314 percipienda.

353 2344 414 2420 (7)
437 2343 515 2405 ltem
533 2361 629 2424 super
643 2341 859 2423 possessiones
875 2342 1016 2406 eiusdem
1031 2341 1164 2406 ecclesie
1179 2342 1295 2406 nullum

270 2473 416 2527 murum,
436 2451 554 2514 nullam
575 2451 737 2516 collectam
757 2451 834 2516 lisca
854 2455 1073 2536 applicandam
1092 2457 1216 2538 possint
1233 2457 1295 2520 exi·

271 2581 346 2647 gero
361 2563 414 2629 uel
428 2563 551 2637 dicore,
571 2561 719 2628 ut-coiam
735 2563 857 2628 lucrum
871 2583 1010 2641 camere,
1031 2568 1118 2649 quod
1131 2587 1229 2652 super
1241 2589 1295 2651 por
1351 2639 1357 2644 ,

269 2673 362 2758 pulos
377 2673 517 2736 omnium
536 2670 766 2754 regnicolarum
781 2675 971 2760 quaudoque
991 2677 1098 2742 dicare
1120 2687 1152 2743 et
1170 2679 1294 2762 erigere

271 2791 516 2858 consueuerant

354 2898 408 2974 (8)
428 2897 562 2981 insuper
583 2896 728 2962 uolumus
754 2906 788 2964 us
811 2898 915 2962 nulius
939 2899 1169 2982 palatinusuel
1190 2921 1293 2965 comes

269 3009 460 3094 parochialis
480 3007 615 3093 populos
637 3010 779 3074 eiusdem
807 3011 847 3074 ad
864 3012 1148 3096 congregacionem
1169 3033 1294 3097 quoquo

269 3119 364 3182 modo
380 3119 569 3184 celebratam
583 3137 762 3188 conuocare
776 3119 890 3195 ualeat,
910 3121 971 3188 nisi
985 3123 1228 3190 iudex-ecclesie
1241 3145 1293 3190 eos

268 3228 396 3294 iudicet.

332 3417 336 3422 ι
354 3342 412 3416 (9)
434 3340 512 3404 item
528 3340 554 3404 si
568 3339 691 3406 nobiles
707 3341 839 3406 ecclesie
852 3343 1075 3427 strigoniensis
1096 3347 1129 3409 in
1146 3347 1231 3411 turio
1244 3347 1295 3411 uel

270 3449 389 3534 spolio,
410 3469 486 3512 casu
507 3451 707 3534 contingente
724 3473 787 3534 -pcr
807 3455 975 3536 palatinum
995 3457 1158 3539 segnium
1177 3457 1295 3524 iudices

271 3561 358 3626 curio
378 3569 485 3640 nostre
501 3561 552 3626 uel
571 3583 790 3632 successorum
808 3575 1004 3643 nostrorum,
1025 3569 1137 3634 ordine
1150 3570 1227 3634 iuris
1242 3573 1296 3634 ob-

269 3679 396 3738 sorualo
413 3673 652 3750 interficiuntur,
681 3677 898 3758 possessiones
926 3679 1032 3744 taliter
1060 3682 1296 3748 interfectorum

269 3801 334 3848 nou
345 3785 385 3846 ad
399 3782 569 3866 palatinum
584 3787 673 3869 regni
689 3789 741 3852 uel
754 3789 891 3853 indicem
907 3792 993 3854 crisie
1005 3793 1226 3870 denonantur,
1240 3796 1295 3861 sed

270 3895 311 3958 ati
325 3893 491 3958 ecclesiam
506 3895 763 3980 strigoniensem.
793 3907 824 3962 et
843 3901 871 3963 si
890 3901 1046 3984 palatinus
1067 3903 1121 3968 uel
1132 3905 1228 3974 iudex
1245 3925 1296 3970 cc·

269 4003 364 4068 clesic
376 4003 598 4088 strigoniensis
613 4009 697 4092 opud
709 4009 879 4092 palatinum
893 4013 983 4097 regni
997 4013 1050 4078 uel
1062 4015 1200 4080 iudicem
1211 4019 1295 4082 curie
1310 4027 1313 4034 '

269 4122 376 4186 nosue
397 4114 450 4182 uoi
470 4116 547 4185 alios
566 4119 753 4192 iusticiasios
770 4125 861 4210 regni
881 4125 1011 4190 eosdem
1026 4135 1136 4218 captos
1149 4137 1220 4199 ess'c
1238 4129 1296 4218 sci-
