2920 4758
397 421 541 470 arxorruu
560 424 800 470 reunsrurrnuu.
843 406 933 470 ibib.
1115 405 1177 472 baa

144 576 251 643 libere
269 577 468 658 recipiendos
487 577 704 651 concedimus,
725 577 811 660 quod
825 577 929 640 nullus
942 577 1178 642 tributariorum

146 709 208 752 nee
224 689 426 752 ascendendo
446 707 505 754 uec
520 689 743 752 descendendo
765 695 924 769 presumat
943 688 1097 770 impedire
1112 707 1178 752 eos.

233 800 313 874 (ta)
335 798 452 862 siluam
474 817 553 860 uero
573 817 644 860 cum
659 799 803 862 omuibus
823 799 1049 881 appendicibus
1067 800 1179 864 suiset

147 931 304 993 aquarum
327 930 404 972 usus
429 929 499 972 cum
528 909 592 972 suis
617 911 788 984 meatibus,
821 930 882 992 que
907 911 948 972 ad
970 911 1068 974 solius
1092 912 1177 994 regis

145 1030 292 1105 spectant
307 1023 531 1096 donacionem,
545 1021 688 1084 omuibus
703 1030 766 1087 tam
781 1021 1082 1104 pauperibusquam
1098 1021 1178 1084 diui-

145 1135 232 1198 tibus
247 1134 344 1199 libere
360 1133 561 1200 concedimus
576 1153 739 1196 exercere.

233 1245 312 1319 (tl)
331 1244 487 1306 Uolumus‘¹
503 1243 600 1308 eciam
614 1253 654 1306 ‘et
673 1243 760 1326 regla
776 1244 963 1308 'auctoritate
977 1245 1178 1326 precipimus,

146 1365 183 1420 ut
205 1357 309 1420 nullus
331 1357 371 1418 de
393 1356 613 1437 iubegionibus
631 1357 747 1418 uostris
766 1355 872 1418 uillam
895 1356 947 1418 uel
961 1357 1106 1437 predium
1121 1358 1178 1420 ali-

147 1469 236 1551 quod
259 1489 277 1530 a
298 1468 385 1550 regie
404 1467 566 1532 maiestate
587 1465 701 1531 audeat
718 1466 886 1548 postulare.
917 1465 944 1528 si
964 1486 1044 1528 uero
1064 1467 1189 1549 aliquis,

146 1578 375 1662 postularent,
395 1577 515 1643 iurlulte
534 1577 579 1640 ais
601 1584 754 1658 potestate
770 1596 787 1642 a
802 1576 894 1642 nobis
910 1579 1133 1642 contradicent.

232 1691 312 1764 (15)
335 1690 503 1754 Statuimus
524 1690 654 1772 insuper
675 1690 765 1752 dictis
787 1689 942 1763 fidelibus,
962 1697 999 1752 ut
1016 1710 1113 1772 quum
1135 1691 1176 1754 url

147 1801 387 1882 expedicionem
402 1788 541 1882 eclipses
556 1821 614 1864 nos
628 1800 738 1865 uenire
754 1801 936 1883 contigerit,
964 1809 1028 1864 tres
1038 1802 1177 1864 ¹descen-

147 1934 201 1976 sus
217 1921 338 1976 tautum
353 1911 477 1976 soluere
492 1913 531 1976 etl
546 1921 760 1976 nostrosnsus
774 1919 951 1976 teneantur.
978 1913 1006 1975 si
1019 1933 1097 1976 uero
1110 1915 1178 1976 uai-

146 2025 231 2088 uoda
252 2025 293 2086 ari
313 2023 451 2106 regalem
475 2022 638 2088 utilitatem
661 2024 701 2088 ad
719 2025 805 2105 ipsos
821 2023 1078 2106 uel-perterrens
1092 2026 1177 2107 ipso-

146 2155 218 2196 rum
241 2135 477 2208 transmittetur,
505 2135 584 2198 duos
608 2136 797 2210 descensus,
824 2156 921 2198 unum
943 2137 974 2196 iu
994 2135 1123 2199 introitu
1146 2145 1178 2200 et

145 2227 282 2310 alterum
297 2247 329 2308 in
344 2224 430 2310 exitu
443 2226 568 2310 soluere
582 2265 646 2309 non
662 2255 818 2310 recusent.
900 2229 902 2234 ⁵

231 2359 312 2434 (16)
335 2359 505 2422 Adiieimus
524 2359 621 2421 eciam
640 2377 736 2440 supra
755 2357 850 2422 dictis
865 2357 1069 2433 libertatibus,
1090 2361 1176 2442 quod

146 2480 341 2538 mercatores
362 2491 471 2536 eorum
498 2472 678 2552 ubicunque
703 2471 863 2534 noluerint
886 2471 918 2532 in
942 2489 1042 2553 regno
1066 2462 1177 2535 nostro

145 2583 246 2646 libere
262 2603 299 2644 ae
314 2582 381 2645 sine
396 2582 513 2645 tributo
527 2581 645 2644 uadunt
659 2587 691 2644 et
709 2590 921 2656 reuertentur,
943 2581 1114 2644 efficaciter
1127 2581 1176 2646 ius

146 2713 239 2756 suum
260 2675 346 2775 regie
369 2693 537 2756 maiestatis
558 2692 669 2754 intuitu
691 2701 931 2776 prosequentes.
959 2694 1063 2756 omnia
1078 2694 1176 2756 eciam

145 2806 217 2868 fora
230 2806 371 2887 ipsorum
387 2806 453 2868 sine
468 2805 589 2868 tributis
603 2804 794 2886 precipimus
809 2806 983 2868 obseruari.
1024 2835 1027 2840 ·

232 2899 393 2978 Ut'autem
416 2915 476 2978 bec
496 2935 558 2996 que
582 2923 654 2977 aute
674 2916 847 2978 dictasunt
866 2915 997 2977 firmiter
1016 2923 1047 2978 et
1067 2917 1176 2978 incon·

147 3045 243 3088 cussa
263 3034 469 3110 permaneant
488 3027 519 3088 in
543 3034 719 3107 posterum,
743 3035 922 3107 presentem
931 3027 1083 3108 ¹paginam
1098 3027 1176 3108 dup-

148 3122 238 3220 plicis
253 3135 345 3219 sigilli
360 3137 458 3200 nostri
473 3117 647 3200 munimine
658 3137 791 3200 fecimus
807 3138 959 3200 roborari.
974 3137 1080 3200 datum
1092 3154 1175 3202 anuo

148 3251 188 3318 ab
209 3249 428 3312 incarnacione
451 3249 567 3310 domiui
593 3247 758 3310 millesimo
786 3247 1002 3312 ducentesimo
1024 3249 1175 3330 trigesimo

149 3343 274 3445 buarto,
295 3361 386 3442 regni
399 3367 504 3424 autem
519 3361 617 3422 nostri
632 3359 784 3443 trigesimo
799 3335 911 3443 primo.
