2978 4754
528 449 712 505 reorsrnur'r
739 461 779 506 ne
800 461 913 506 venun.
1173 443 1236 510 '133

208 594 356 675 iecerunt·
371 610 489 692 portari
511 611 658 686 terrum,
667 613 725 675 sed
739 613 911 676 ademarii
926 629 1036 676 eorum
1050 607 1172 696 seipsos
1185 631 1237 676 re·

209 729 446 804 eognesoentes,
467 722 722 804 subterfugerunt
738 723 911 804 predictam
926 732 1041 790 terram
1057 724 1150 788 uestri
1164 743 1238 806 pre*

207 834 375 898 nominatis
396 833 564 908 enorihus,
585 841 616 896 et
634 833 717 898 idem
739 843 862 898 autores
876 845 1093 900 conuenerunt
1114 835 1238 912 satiens

208 945 393 1010 oereiudiei
409 953 440 1008 et
457 945 616 1028 pristaldo,
638 955 669 1012 et
683 953 718 1009 ut
732 948 832 1012 exitus
846 947 941 1011 huius
956 966 1049 1012 cause
1062 947 1240 1014 indelebilis

208 1058 336 1131 existet,
359 1057 498 1138 predicte
519 1065 624 1139 portes
647 1039 760 1122 terram
778 1059 932 1142 quesitam
954 1059 1045 1124 metis
1064 1061 1239 1144 circumpo-

180 1172 182 1181 ’
200 1157 275 1230 'sitis
289 1167 438 1232 feserunt
456 1168 594 1250 separari
602 1213 612 1242 ,
634 1187 768 1250 querum
782 1178 936 1232 metarum
950 1189 1013 1232 une
1027 1171 1119 1234 estin
1133 1179 1238 1234 monte

211 1278 338 1343 nomine
348 1278 491 1352 Bursors,
505 1279 578 1341 inde
593 1297 651 1360 per
664 1278 780 1342 uallem
794 1279 894 1342 Kusol
907 1281 994 1342 uadit
1008 1281 1049 1342 ed
1059 1279 1240 1362 Agosholm,

211 1388 329 1452 estote
343 1387 401 1470 per
417 1387 533 1454 uaiiem
548 1389 675 1452 nomine
688 1389 731 1451 Er
752 1389 840 1454 uadit
851 1390 893 1452 ad
907 1397 1022 1454 metam
1037 1389 1151 1454 Uisata.
1182 1387 1240 1454 sed

211 1508 357 1581 preterea
376 1506 465 1561 extra
484 1506 584 1562 metas
602 1497 672 1561 illas
692 1519 803 1562 uersus
823 1501 1101 1580 septentrionalem
1115 1502 1240 1584 plagam

211 1602 408 1691 supradietus
431 1609 637 1694 Moghahet.
650 1611 700 1674 ius
725 1611 874 1674 sessionis
901 1611 942 1674 ad
965 1612 1107 1694 spacium
1128 1613 1241 1694 vuiginti

210 1723 363 1805 iugerum.

168 1815 171 1826 ¹
229 1879 233 1883 -
293 1829 379 1914 (359)
400 1831 538 1896 hhsoion
550 1831 635 1897 fitius
648 1835 751 1898 Hurtu
768 1842 916 1899 oretenus
933 1835 1102 1911 estuohis,
1123 1835 1242 1901 scilieet

112 2006 118 2010 .
211 1945 346 2028 oepitulo
360 1945 543 2008 Ueroniensi
567 1953 769 2020 contestatus,
790 1948 876 2029 quod
899 1946 1094 2010 uendidisset
1115 1948 1241 2013 domine

210 2055 344 2130 huetius,
365 2057 455 2119 usuri
471 2056 620 2120 uidelicet
631 2052 711 2119 Mine
727 2049 868 2130 consitis,
889 2065 1010 2140 septem
1025 2057 1128 2140 cupite
1140 2059 1243 2122 homi-

210 2189 303 2243 uem,
325 2187 459 2251 quorum
484 2169 610 2232 uomina
629 2167 691 2231 hee
713 2177 804 2232 sunt:
826 2167 972 2244 Mathire,
997 2188 1078 2232 uxor
1098 2169 1242 2237 eiusdem

210 2279 365 2352 Felicitas,
387 2287 419 2342 et
442 2279 496 2342 tilii
511 2299 621 2343 eorum
638 2280 785 2355 Thomas,
807 2279 985 2356 Tenaiehu,
1006 2279 1114 2346 athlie
1128 2299 1244 2345 eorun-

155 2375 169 2414 ⁷
211 2391 285 2454 dem
300 2390 586 2474 Megednnegn
1001 2427 1002 2430 =

293 2498 382 2584 (360)
404 2501 497 2566 Ciues
513 2503 606 2567 eustri
620 2502 779 2566 Beioudus
802 2504 841 2567 de
864 2501 940 2568 uilla
953 2503 1107 2586 Legiuert
1126 2503 1243 2578 hioteu,

159 2655 161 2660 ι
212 2611 335 2686 Unuca,
356 2611 531 2694 Hertugup,
552 2613 670 2695 Luchy,
692 2614 798 2696 Ugud,
817 2613 931 2688 Bahiu,
951 2613 1019 2676 Biia
1033 2621 1065 2677 et
1079 2613 1244 2696 aliiimpe-

212 2723 334 2786 uerunt
356 2725 509 2806 quosdam
531 2723 570 2786 de
592 2725 705 2786 ead-em
727 2723 801 2786 uitia
823 2723 902 2788 tilios
922 2723 1119 2806 iouhagionis
1143 2723 1244 2786 saneti

211 2835 307 2918 repis,
328 2824 447 2902 seiiieet
465 2836 659 2912 'Serkeuteii,
680 2837 814 2910 hiareel,
835 2835 929 2911 hoel,
949 2835 1062 2918 Megya
1077 2841 1109 2898 et
1122 2835 1174 2908 Us,
1196 2831 1244 2898 di-

215 2955 332 3022 eentes,
359 2949 445 3030 qood
460 2957 572 3011 eorum
586 2957 691 3011 esseut
706 2947 872 3022 eoueiues,
894 2946 987 3010 simili
1007 2947 1136 3023 officio,
1149 2945 1183 3010 iu
1197 2951 1245 3010 est

215 3060 320 3124 debito
335 3058 541 3122 castrensium
557 3059 763 3122 subiacentes.
784 3058 829 3122 illi
842 3065 947 3123 autern
963 3059 1110 3122 dixerunt
1123 3078 1158 3122 se
1173 3077 1244 3122 esse

214 3159 297 3234 filios
319 3170 542 3252 iouhagiouum
564 3170 662 3232 saneti
680 3170 775 3252 regis,
796 3177 828 3234 et
845 3170 907 3232 hoo
925 3169 1008 3232 idem
1024 3169 1188 3243 dixerunt,
1209 3175 1246 3234 ut

216 3279 383 3362 pristaldos
408 3299 518 3344 eorum
544 3279 715 3362 perhibuit,
746 3280 951 3363 iouhngionss
976 3279 1117 3344 eiusdem
1140 3279 1245 3356 castri,

215 3390 363 3458 uidelicet
376 3390 483 3454 Mathe
498 3389 646 3472 princeps
662 3391 828 3466 exereitus,
850 3389 997 3465 Chiehur,
1009 3391 1125 3466 Sceret,
1139 3391 1245 3476 Mogp

215 3501 374 3576 iteremus,
397 3493 544 3576 Thomas,
570 3503 644 3577 ind,
664 3501 791 3578 Alheus,
820 3503 961 3586 Gyurca,
982 3502 1097 3578 Poula,
1117 3503 1246 3578 Badius,

215 3613 349 3676 Heuohu
368 3615 573 3680 centuriones
594 3623 626 3678 et
646 3614 715 3689 aiii,
735 3635 871 3697 quorum
892 3615 1073 3678 testimonie
1094 3614 1245 3678 Martinus

216 3738 321 3794 eomes
336 3743 446 3796 eorum
459 3745 524 3789 ¹uon
540 3733 716 3801 contentus,
740 3745 796 3807 per
811 3725 993 3808 pristaidum
1007 3725 1136 3792 nomine
1149 3727 1246 3788 Nuet-

214 3836 267 3898 len
291 3837 330 3898 de
346 3833 421 3898 uitia
435 3836 531 3898 Olsue
555 3837 638 3900 misit
660 3837 700 3900 ad
721 3854 854 3900 examen
875 3835 950 3900 ferri
975 3837 1136 3900 candentis
1152 3837 1246 3898 Uara-

215 3945 342 4021 diuum,
371 3947 425 4010 uhi
447 3947 658 4029 prenominati
680 3955 802 4010 autores
825 3945 946 4028 seipsos
970 3949 1246 4029 recognoscentes,

157 4059 161 4068 ’
216 4057 469 4124 madentisierri
482 4041 740 4141 subterfugerunt
752 4057 918 4133 iudicium,
932 4058 1072 4122 dieentes
1086 4055 1245 4139 prediatus
1325 4116 1327 4120 .

215 4169 415 4238 aduersarios
433 4169 575 4250 ipserum
595 4189 665 4234 esse
680 4158 767 4233 iiiios
787 4169 1012 4253 iouhagionum
1034 4167 1134 4232 saneti
1150 4165 1245 4250 regis,
1305 4145 1316 4156 ”

137 4258 139 4264 ’
216 4285 248 4343 et
262 4269 438 4358 ussereutes
452 4297 490 4344 se
501 4277 581 4344 falso
596 4281 636 4346 de
651 4279 734 4346 ciuili
750 4279 884 4346 seruioio
898 4279 971 4344 iilos
985 4275 1173 4362 impetiisse.
