3048 4760
287 405 349 471 618
478 385 610 470 suornm
629 411 677 470 ιιι.
700 411 1005 470 marcomerem
1036 399 1127 469 1291,

290 576 395 642 comiti
408 577 524 641 'debeat
539 577 631 658 plene
646 623 655 641 .
671 623 679 640 .
694 621 702 640 .
718 583 750 641 et
764 575 913 659 persolui.
938 577 965 642 ti
975 595 1057 640 uero
1071 577 1229 642 Palatinus
1246 580 1321 643 sini-

289 695 352 752 stre
376 689 551 771 procedere
575 687 770 761 intenderet,
799 687 895 750 iidem
919 687 1223 768 quatuor-homines·
1250 711 1322 754 cum

290 799 405 863 comite
419 800 559 880 ipsorum
576 797 762 879 probibere,
783 803 817 860 et'
828 797 919 860 nobis
934 797 1079 862 intimare
1094 805 1270 864 teneantur

372 907 438 991 (15)
459 909 537 972 item
551 909 726 1002 statuimus,
748 907 833 991 qnod
850 906 982 1003 populus
998 888 1324 1002 archiepiscoporum,

291 1002 514 1104 episcoporum
530 1029 561 1085 et
575 1019 780 1084 ecclesiarum
798 1019 1086 1112 priuilegitarum,
1075 1039 1109 1084 ιιι
1125 1024 1228 1112 causis
1241 1033 1323 1088 tem-

290 1135 451 1217 poralibus
473 1131 575 1195 nullus
597 1131 737 1196 iudicum
759 1137 866 1213 preter
879 1149 1048 1224 personam
1068 1141 1207 1196 nostram
1223 1113 1324 1216 possit

289 1245 449 1340 iudicare,
471 1251 503 1310 et
516 1243 601 1328 quod
623 1243 726 1339 nullus
745 1241 884 1306 iudicum
899 1229 1211 1326 archiepiscoporum
1233 1245 1324 1310 nobi-

291 1356 338 1422 les
363 1357 454 1441 regni
478 1357 595 1432 nostri,
617 1331 649 1420 et
673 1331 807 1438 populos
832 1354 1024 1429 eorundem,
1050 1355 1151 1436 possit
1171 1355 1322 1422 iudicare.

289 1467 430 1551 hospites
445 1467 544 1531 eciam
557 1466 738 1530 liberarum
741 1463 902 1539 uillarum,
924 1465 1008 1547 regis
1023 1465 1141 1529 scilicet
1155 1473 1187 1530 et
1200 1469 1323 1551 regine,

290 1577 413 1642 nobiles
427 1577 518 1661 regni
532 1577 631 1639 nostri
646 1593 709 1637 uon
724 1573 846 1658 possint
858 1551 1008 1638 iudicare.

370 1671 438 1772 Υ(16)
459 1667 538 1752 Item
561 1687 845 1772 impignorationes
870 1707 967 1768 super
985 1693 1185 1753 transeuntes
1204 1690 1323 1781 incola-

291 1806 360 1862 rum
374 1801 465 1884 regni
480 1779 592 1873 nostri,
614 1797 739 1880 penitus
754 1798 900 1860 uolumus
914 1806 947 1861 et
960 1797 1094 1862 lecimus
1109 1799 1237 1889 aboleri.
1344 1786 1347 1795 ¹

319 1923 323 1931 ’
365 1890 444 1993 llll
466 1912 544 1974 ltem
558 1911 662 1972 omnia
676 1910 809 1985 tributa,
823 1908 1119 2002 tempore'Ladislai
1133 1913 1216 1995 regis
1231 1909 1323 1990 iacta,

293 2023 419 2086 omuino
437 2021 660 2104 exstirpentur.

348 2111 351 2118 ¹
375 2131 612 2216 (ibt-Uolumus
636 2133 735 2196 eciam
752 2134 837 2216 quod
858 2134 891 2196 in
912 2133 989 2197 locis
1005 2133 1204 2216 antiquorum
1225 2132 1324 2198 tribu·

291 2251 395 2308 torum
413 2245 522 2328 popull
545 2222 697 2306 nobilium
712 2253 744 2307 et
762 2245 967 2336 ecclesiarum
987 2245 1101 2307 tributa
1123 2263 1187 2307 nou
1202 2247 1323 2328 persol-

291 2359 378 2418 uant.
400 2356 458 2420 sed
479 2356 696 2420 tantummodo
717 2357 909 2419 mercatores
932 2355 971 2418 do
994 2355 1061 2418 aliis
1081 2354 1187 2438 regnis
1209 2359 1250 2420 ad
1263 2355 1325 2420 alia

290 2481 391 2551 regna
404 2447 628 2530 transeuntes(

374 2576 444 2660 (19)
466 2580 615 2642 Preterea
633 2586 734 2642 turres
755 2579 822 2641 siue
846 2585 949 2642 castra
970 2599 1066 2662 super
1080 2579 1220 2646 ecclesiis
1235 2579 1324 2644 editi-

292 2697 378 2767 cata,
407 2699 461 2756 aut
484 2690 561 2754 locis
587 2690 654 2752 aliis
678 2709 736 2772 pro
758 2699 948 2754 nocumento
972 2699 1164 2768 constructa,
1182 2691 1323 2775 'penitus

293 2801 487 2867 euellantur'.'

376 2911 446 2998 (20)
467 2915 549 2978 ltem¹
561 2913 795 2996 possessiones,
817 2914 885 2976 fora
900 2921 931 2978 et
946 2922 1047 2977 castra
1063 2929 1322 3004 quorumcunque

292 3031 351 3110 per
365 3028 521 3090 uiolentos
543 3027 724 3089 detentores
744 3023 883 3088 indebite
902 3033 1052 3106 occupata
1072 3027 1280 3090 restituentur
1293 3033 1325 3088 et

291 3115 475 3202 reddantur.
498 3138 500 3144 '

376 3247 443 3332 (21)
463 3233 541 3312 Item
557 3247 694 3312 decimas
715 3247 840 3330 frugum
862 3249 1036 3312 secuudum
1059 3251 1186 3313 decreta
1200 3257 1325 3312 saucto-

194 3418 202 3432 ,
292 3378 363 3423 ιιιιιι
376 3379 487 3442 regum
502 3357 626 3422 soluere
641 3366 818 3433 teneantur,
838 3359 881 3422 ita
901 3359 1067 3434 uidelicet,
1090 3361 1175 3443 quod
1187 3359 1325 3444 quilibet

294 3469 407 3533 nobilis
426 3472 493 3533 siue
507 3457 589 3532 Saxo
611 3471 650 3532 de
671 3487 803 3534 numero
818 3471 985 3546 nobilium,
1007 3473 1046 3536 de
1062 3471 1204 3555 quolibet
1219 3481 1325 3535 aratro

294 3601 392 3644 unum
407 3581 565 3644 fertonem
580 3601 637 3664 pro
649 3583 776 3646 decimis
790 3583 923 3646 soluant.
945 3585 1054 3666 populi
1065 3593 1170 3646 antem
1182 3585 1326 3666 ipsorum
1397 3606 1400 3610 ·

294 3691 464 3768 nobilium,
485 3698 517 3758 et
531 3691 687 3756 Saxonum
706 3690 746 3756 de
769 3694 899 3777 sln'gulis
923 3695 1057 3776 capeciis
1080 3695 1204 3757 soluant
1226 3715 1324 3757 unum

297 3805 430 3899 pondus.
461 3813 492 3868 et
508 3806 757 3869 decimatornon
779 3827 835 3886 per
852 3827 903 3880 so,
924 3807 1068 3870 sedeum
1082 3806 1209 3868 homine
1233 3823 1327 3886 paro-

296 3913 404 3980 chialis
415 3915 536 3978 comitis
549 3917 652 4006 dicare
665 3917 788 3980 debeat.
809 3935 910 4000 usquc
925 3915 1040 4008 iustum
1055 3916 1215 3982 silandri
1229 3937 1328 4000 super

294 4027 470 4091 iuramento
490 3998 680 4108 populorum
702 4027 885 4090 nobilium
875 4047 944 4110 rpse
959 4013 1081 4091 decime
1095 4027 1329 4110 persoluentnr.
1346 4043 1351 4049 “

295 4137 389 4222 post
379 4157 482 4222 ipsum
498 4145 603 4202 autem
614 4138 728 4204 testum
741 4115 888 4202 credatur
899 4139 1125 4204 decimatorurn
1138 4139 1328 4202 iuramento.

295 4252 372 4322 item
386 4251 507 4323 decime
529 4249 596 4318 uini
617 4250 651 4317 iu
672 4231 873 4342 autumpno
863 4273 897 4318 ιιι
919 4249 1026 4342 spo'cie
1047 4252 1241 4342 recipiantur
1253 4265 1328 4321 clun
