2924 4758
123 433 127 442 ’
253 409 315 472 336
502 421 683 470 emoniensi
703 420 795 470 nore
815 419 982 470 nucum
1002 419 1036 468 u.

254 587 286 645 et
306 581 332 644 si
352 579 528 662 prohibitus
549 578 660 652 inerit,
682 575 891 659 probibitores
913 575 1086 658 probentur
1106 573 1234 638 iudicio.
1253 579 1283 636 et

242 693 280 756 'ei
295 691 467 774 culpabiles
483 691 587 755 effoeti
601 690 734 764 inerint,
748 698 881 772 pereant
893 697 929 752 ut
941 688 1041 752 iures.
1052 687 1088 750 ‘si
1102 703 1181 750 nera
1191 705 1283 751 mun·

254 803 330 878 dati,
352 810 483 884 propter
496 802 748 884 prohibitionem
755 799 991 888 fluinquuginta
1005 799 1146 883 quinque
1169 815 1282 881 pentes

254 915 446 998 peroniueot.
467 915 493 978 si
508 923 614 978 autem
629 915 776 979 ineu'notu
787 914 909 978 comitis
923 911 972 976 eui
988 913 1285 998 miiitesinoestipu·

255 1027 379 1090 cionem
394 1027 633 1110 impediuerint‚
645 1046 705 1109 pro
718 1025 794 1108 ipsis
808 1023 1035 1108 quinquaginta
1048 1042 1163 1108 pensas
1178 1042 1284 1090 onmes

256 1139 433 1222 persoluat,
454 1147 485 1204 et
501 1149 570 1222 post
586 1139 648 1203 hee
663 1140 814 1220 probetur
826 1138 956 1203 iudicio.
1081 1173 1085 1180 ·
1126 1151 1129 1158 ’

338 1247 384 1331 (6)
405 1251 449 1313 De
463 1251 568 1312 indicta
581 1251 693 1312 iudicio
707 1269 776 1329 erpa
791 1267 907 1312 aereum
918 1253 964 1312 ert
978 1251 1110 1312 itteram.
1143 1249 1175 1312 Si
1189 1249 1284 1317 iudex

255 1379 367 1426 nasum
391 1361 476 1426 serui
498 1381 562 1426 non
586 1361 732 1424 inciderit
755 1360 807 1424 uel
825 1359 1046 1431 liberumnno
1067 1361 1285 1442 suspenderit,

258 1483 389 1556 pereant
403 1475 509 1538 omnia
522 1490 581 1538 sua
594 1481 702 1557 preter
714 1473 797 1538 iiiios
810 1493 896 1548 eune,
916 1473 1030 1555 etipse
1044 1473 1140 1538 index
1153 1489 1285 1536 uenum·

258 1587 359 1652 detur.

339 1699 366 1761 oi
386 1719 464 1762 nero
483 1699 684 1780 suspenderit
702 1698 835 1774 iustam,
862 1716 1018 1780 expensas
1038 1706 1072 1761 et
1083 1697 1188 1760 omnia
1202 1698 1286 1762 bona

258 1812 402 1894 suspensi
427 1792 578 1876 restituat.
610 1819 642 1874 et
663 1809 690 1873 si
713 1830 748 1872 se
770 1831 842 1874 oum
865 1811 990 1874 mabar
1010 1810 1133 1874 idoneis
1154 1809 1285 1876 testibus

257 1922 454 1996 liberauerit,
476 1923 516 1984 ab
531 1943 571 1984 eo
585 1922 640 2004 qni
655 1923 785 1986 duxerat
801 1941 872 1986 enm
889 1925 921 1984 in
941 1921 1107 1986 concilium
1126 1921 1214 1984 toiiat
1232 1919 1285 1982 LV

259 2039 384 2117 pensas.
406 2042 439 2097 et
450 2035 531 2097 eiad
547 2033 696 2096 iudicium
712 2034 903 2116 peruenerit,
922 2041 954 2098 et
967 2034 1066 2096 iustus
1079 2031 1175 2096 iudex
1189 2049 1286 2116 appa-

257 2147 370 2219 ruerit,
398 2147 594 2210 introductor
608 2147 720 2210 eadem
735 2165 819 2228 pena
833 2153 958 2228 pereat,
981 2146 1153 2228 quaiudax
1167 2144 1286 2227 perini-

257 2259 311 2320 'rris
326 2265 402 2320 erat
425 2265 456 2320 et
469 2260 496 2320 si
510 2259 638 2322 maioris
652 2257 809 2322 facultatis
824 2257 919 2322 suerit
931 2277 1024 2340 qnam
1039 2258 1149 2332 iudex,
1163 2257 1285 2324 ammit-

257 2377 304 2433 tat
318 2369 417 2432 eciam
431 2367 616 2433 libertatem.

290 2517 292 2525 ι
341 2478 385 2560 [7)
407 2481 450 2542 De
473 2483 703 2560 nepoetotoriim
725 2484 787 2544 aiae
804 2495 948 2546 »omento
1001 2483 1101 2545 Nemo
1125 2488 1209 2547 emat
1232 2479 1285 2543 nei

213 2648 215 2652 .
258 2592 381 2654 nendet·
389 2599 497 2673 preter
506 2602 688 2656 mereatum.
709 2595 737 2656 ei
751 2595 804 2677 qni
820 2615 897 2658 nero
911 2595 972 2658 hoc
986 2602 1095 2658 eontra
1109 2595 1232 2678 egerint
1245 2594 1284 2656 de

258 2703 375 2766 furtiua
394 2723 429 2768 re
446 2713 573 2786 pereant
594 2724 717 2781 omnes,
739 2715 770 2770 et
783 2715 907 2789 emptor
922 2715 953 2770 et
968 2707 1117 2770 uenditor
1131 2713 1284 2771 attentes.

259 2813 286 2876 ei
301 2834 382 2876 nero
404 2815 561 2898 proprium
582 2837 650 2880 rem
671 2819 901 2899 protraxerint,
921 2821 1057 2900 perdant
1077 2839 1145 2882 rem
1167 2826 1199 2880 et
1212 2837 1285 2900 pre-

258 2929 357 3000 cium,
381 2934 413 2989 et
427 2933 522 2990 testes
534 2931 731 2994 tantundem.
759 2930 785 2992 si
799 2949 877 2994 nero
892 2931 924 2992 in
940 2940 1078 2994 mereatu
1093 2931 1128 2994 fit
1141 2938 1285 2994 eontrac-

258 3044 319 3111 tus,
338 3037 392 3100 fiat
413 3058 520 3102 eoram
538 3041 641 3104 iudioe
659 3049 694 3102 et
713 3039 908 3104 theloneario
929 3050 961 3104 et
980 3041 1122 3105 tentione.
1149 3041 1220 3104 etei
1233 3059 1285 3102 rea

172 3218 175 3224 ¹
259 3157 363 3231 empta
384 3150 501 3214 furtiua
519 3171 590 3216 esse
605 3153 799 3233 apparuerit,
821 3162 945 3234 emptor
960 3154 1089 3236 quidem
1107 3153 1284 3218 teitimonio

258 3263 369 3324 indicis
391 3272 422 3326 et
441 3264 631 3326 thelonearii
643 3264 775 3338 enudat,
788 3251 892 3328 'testes
906 3273 1011 3328 eutem
1026 3264 1161 3338 reddant
1175 3263 1285 3326 uendi-

257 3382 370 3437 torem.
1120 3385 1122 3392 ’

342 3482 387 3566 (8)
414 3485 459 3546 De
480 3486 612 3564 inputata
637 3487 763 3548 icamiam.
814 3485 845 3550 si
864 3486 936 3568 quis
955 3491 1096 3550 extracto
1113 3485 1218 3568 gladio
1238 3484 1288 3546 itr-

258 3595 415 3679 gulauerit
427 3595 597 3671 hominem,
611 3595 710 3680 regati
730 3597 846 3662 indicio
860 3597 1048 3680 tradatirrin
1062 3615 1233 3670 carcerem,
1255 3603 1288 3658 et

258 3709 363 3769 omnia
384 3709 442 3769 sua
461 3705 641 3772 diuiduntur
660 3710 692 3771 in
712 3710 788 3784 tria,
808 3709 926 3774 seilicet
948 3709 1057 3784 dinen,
1086 3717 1186 3782 terre,
1206 3707 1286 3782 lixe,

257 3819 352 3882 serui.
373 3819 458 3880 unde
473 3819 534 3882 due
549 3830 654 3902 partes
669 3821 784 3884 dentur
793 3821 933 3902 cognatis
947 3819 1087 3903 iugulati,
1100 3820 1195 3884 tertia
1207 3838 1286 3882 uera

256 3929 328 3994 filiis
341 3929 474 3994 etuxori
484 3932 680 4014 iugulatorir.
701 3935 728 3996 si
738 3953 817 3996 uero
828 3933 957 3996 minoris
971 3932 1126 3996 suauitatis
1140 3933 1180 3996 sit
1190 3949 1286 4014 quum

229 4063 233 4072 ·
258 4042 314 4105 CX
327 4063 442 4126 pense,
464 4047 581 4110 amittat
595 4047 696 4110 eciam
709 4046 895 4111 libertatem.

339 4151 384 4237 (9)
405 4157 449 4218 De
462 4157 584 4238 quotibet
598 4160 722 4222 eruam
732 4161 870 4240 praeapte
882 4161 996 4238 fertem
1009 4158 1145 4239 feriente.
1168 4156 1199 4218 si
1214 4155 1286 4239 oretis

257 4266 369 4332 eodem
394 4269 522 4336 decreto
547 4278 579 4334 et
602 4268 710 4332 diuina
733 4269 929 4354 propiciante
953 4269 1060 4352 grauia
1086 4265 1209 4352 prolem
1233 4263 1287 4328 uei
