2904 4754
401 1169 657 1248 auulsum
682 1173 752 1248 111.
779 1172 937 1251 REGIS

147 1291 436 1418 summm
462 1327 711 1416 nummu
729 1331 1015 1424 recursuum
1037 1331 1187 1420 maru

513 1463 825 1549 irancuum.
1024 1470 1028 1479 ’

444 1617 446 1624 ’
555 1621 780 1684 MCCLXXIX.

278 1843 280 1846 Ι
346 1761 528 1850 Eiransumtu
544 1761 672 1814 Ulaiislei
694 1765 728 1814 11.
745 1762 816 1828 regis
835 1779 901 1816 anuo
921 1761 1007 1848 1514.Ι

233 2036 396 2103 Ladislaus
422 2037 473 2102 dci
494 2039 600 2121 gracia
619 2037 798 2120 Hungaric‚
827 2039 1002 2112 Dalmacie,
1035 2023 1184 2116 Groneia,

146 2150 265 2223 Reme,
293 2148 420 2222 sernia,
448 2145 595 2221 Gallicic,
623 2147 830 2244 Ludcmerie,
850 2148 1001 2211 Cumanie
1024 2148 1185 2230 Bulgarie·

150 2281 213 2344 que
229 2279 297 2323 rex.
314 2261 472 2323 uniuersis
486 2259 601 2322 Christi
612 2258 768 2332 fidelihus,
784 2259 823 2322 ad
838 2278 922 2362 quos
933 2269 1098 2341 presentes
1114 2281 1185 2342 per·

149 2371 314 2444 uenerint,
334 2369 467 2434 salutem
486 2371 519 2438 in
540 2370 680 2432 amnium
701 2370 870 2433 salaciora.
902 2371 943 2434 ad
963 2371 1186 2437 uniuersorum

150 2481 300 2546 noticiam
321 2465 432 2546 terme
447 2483 646 2564 presencium
660 2482 806 2545 uolumus
822 2483 1004 2564 perueniret
1027 2483 1113 2564 quod
1133 2503 1185 2545 ac-

150 2593 269 2660 cedens
284 2594 324 2658 ad
339 2603 477 2657 nestram
494 2593 689 2677 presenciam
704 2613 810 2656 comes
820 2593 995 2668 Ladislens,
1005 2591 1185 2658 filiisGurn-

149 2724 246 2788 tyna,
266 2703 414 2788 iobbagic
432 2705 527 2768 castri
550 2705 649 2768 nestri
663 2707 796 2786 Zagrab,
817 2725 875 2786 pro
898 2727 933 2768 se
956 2715 988 2769 et
1006 2707 1074 2770 aliis
1088 2705 1188 2770 sociis·

151 2817 227 2890 suis,
248 2817 390 2883 exhibuit
409 2817 500 2879 nubis
522 2815 721 2898 priuilegium
744 2815 863 2879 Nicoiai
884 2818 960 2878 Beni
983 2819 1084 2880 iccius
1099 2817 1185 2880 Scia·
1233 2884 1236 2890 ,

151 2927 265 3001 uonie,
286 2936 396 3010 petens
418 2947 488 2989 cum
511 2927 682 3002 instancia,
712 2929 850 2992 utidcm
872 2935 975 2990 ratum
995 2927 1130 3002 habere,
1152 2935 1184 2992 ei

151 3047 262 3102 nostre
289 3039 492 3122 dignaremur
512 3040 680 3122 priuilegio
704 3039 906 3112 confirmare,
940 3038 1183 3122 uniusquidem

153 3149 310 3234 priuilegii
325 3159 415 3214 tenor
426 3149 455 3212 is
470 3159 531 3213 ests

236 3263 298 3324 Nus
321 3261 482 3336 Nicolaus,
509 3261 613 3324 Bauus
636 3259 737 3324 tucius
759 3259 944 3335 Sciuuoaic,
971 3259 1184 3343 significamus

150 3381 263 3438 tencre
279 3373 492 3456 presencium,
514 3371 629 3456 quibus
649 3373 791 3455 expedit,
814 3373 988 3438 uniuersis:
1010 3374 1097 3457 quod
1111 3393 1191 3436 eum·

151 3485 350 3549 resisterem
374 3485 516 3566 proxima
538 3491 611 3548 aute
631 3485 849 3548 ascensionem
870 3485 989 3548 domiui
1012 3503 1193 3568 congrega--

152 3597 276 3662 cionem
298 3597 388 3680 regni
410 3596 577 3662 Sciauunie
598 3595 752 3680 Zagrebia
775 3597 965 3660 haberemus
986 3597 1184 3679 generalem,

17 3725 21 3736 ’
151 3707 294 3772 uniuersi
312 3707 517 3791 icbbagiones
538 3708 631 3770 castri
644 3705 861 3790 Zagralsiensis
884 3708 925 3772 ad
942 3715 1081 3770 naamam
1096 3728 1186 3773 acce-

153 3821 266 3882 dentes
281 3817 476 3901 presenciam
495 3820 527 3882 in
545 3819 702 3882 cummuni
724 3817 855 3880 consilio
872 3819 1012 3900 predicto
1027 3819 1187 3884 condicio·

152 3951 211 3994 nes
234 3929 413 3996 iibertatum
438 3931 579 4014 ipsarum
604 3931 749 4014 antiquas
774 3930 866 3993 nobis
889 3939 1104 4013 exposuerunt
1126 3933 1190 3994 sula

108 4089 111 4104 .
152 4043 216 4106 bac
230 4043 342 4106 iorma:

237 4155 304 4230 (1)
337 4153 432 4230 Quod
448 4133 625 4237 ¹persolutis
651 4155 952 4220 commutacioninus
979 4155 1185 4218 descensuum

154 4268 195 4332 ei
218 4247 308 4354 purte
331 4265 473 4352 ipsorum
496 4259 774 4354 proueniuntibus,
795 4285 855 4332 nec
876 4267 1045 4334 uiceiudex
1067 4273 1186 4344 noster,
