2904 4754
300 426 362 500 idi
402 451 489 500 mna
504 449 649 499 remon
663 451 768 499 ronan
781 449 906 497 nannum
919 447 951 496 m
964 449 1100 496 nonno.
1138 431 1226 500 1255.

384 607 441 684 (2)
461 607 539 671 Item
554 607 580 671 si
593 605 740 670 uenerint
754 605 785 668 in
800 603 932 668 nauibus
949 624 1019 666 cum
1035 605 1099 667 suis
1117 605 1325 669 mercimoniis

302 718 419 782 debent
432 726 614 800 computare
630 727 661 781 et
675 717 819 800 redigere
839 718 878 780 ad
894 717 1100 800 quantitatem
1115 735 1278 791 curruum,
1299 721 1329 780 et

302 829 342 892 dc
353 827 494 912 quolibet
504 847 595 890 errrru
607 827 761 890 tributarii
774 827 891 890 debent
900 827 1016 888 hahere
1029 833 1164 910 quatuor
1175 825 1329 901 denarios,

302 945 450 1001 etcomes
465 939 554 1000 duos.
583 937 640 1002 sed
655 939 681 1001 si
696 935 841 1019 superius
855 938 886 999 in
902 939 973 999 naui
991 939 1031 1000 de
1047 957 1144 1001 onere
1166 937 1331 1000 cuiuslibet

303 1069 414 1114 currus
428 1056 499 1112 octo
514 1050 659 1112 denarios
674 1049 853 1123 tributariis,
875 1055 907 1112 et
921 1049 1000 1111 dnos
1016 1049 1131 1112 comiti.

385 1159 447 1235 (3)
468 1160 546 1222 Item
569 1160 595 1224 si
615 1161 764 1224 teutonici
785 1161 885 1222 hones
907 1159 1072 1240 supperins
1094 1159 1267 1234 deferrent,
1292 1159 1329 1222 de

304 1268 446 1352 quolibet
466 1271 547 1334 boue
568 1272 646 1335 duos
662 1271 809 1334 denarios
831 1279 862 1334 et
877 1271 981 1333 comiti
1001 1289 1098 1333 unum
1114 1272 1278 1334 denarium
1293 1271 1329 1334 de

305 1379 429 1444 duobus
444 1383 545 1445 bobus
560 1383 813 1446 Teotonicorum.

387 1492 448 1570 (i)
467 1493 545 1556 Item
561 1494 600 1556 de
615 1495 759 1556 curribus
770 1493 965 1576 Ungarorom
980 1493 1134 1555 tributarii
1146 1495 1227 1557 duos
1237 1493 1330 1557 dena-

305 1603 370 1668 rios
385 1613 416 1668 et
429 1623 535 1668 comes
550 1605 590 1668 de
605 1605 727 1668 dnobus
742 1605 885 1667 curribus
900 1622 997 1666 unum
1012 1605 1186 1667 denarium.

389 1717 446 1792 (5)
467 1717 543 1780 item
559 1718 598 1780 de
616 1717 716 1779 bobus
732 1717 928 1798 Ungarorum
949 1718 1094 1797 superius
1109 1717 1331 1786 deserencium,

306 1845 405 1890 unum
425 1827 590 1890 denarium
612 1827 652 1889 de
675 1814 798 1890 duobus
815 1826 934 1900 bobus,
960 1835 991 1889 et
1013 1827 1052 1889 de
1079 1835 1213 1909 quatuor
1233 1828 1330 1890 bobus

307 1957 414 2002 eomes
429 1959 524 2001 unnm
540 1939 715 2002 denarium.
1227 1973 1230 1981 =

391 2052 454 2126 (6)
475 2052 553 2114 item
567 2051 607 2114 dc
621 2071 714 2114 curru
730 2049 830 2114 meliis
844 2051 998 2114 tributarii
1013 2051 1128 2114 debent
1146 2050 1265 2114 habere
1277 2051 1332 2115 tria

308 2163 464 2246 pondera,
486 2183 591 2228 comes
608 2183 703 2226 unum
718 2163 851 2246 pondus.
990 2169 993 2176 '

391 2277 445 2352 (7)
468 2275 546 2339 item
564 2277 602 2338 de
620 2275 758 2360 qualibet
772 2275 890 2338 tunelia
907 2273 970 2336 uini
986 2274 1139 2338 tributarii
1154 2283 1226 2338 octo
1243 2275 1330 2338 dena-

308 2387 382 2462 rios,
404 2395 435 2450 et
449 2385 554 2450 comiti
569 2387 648 2450 dnos
663 2385 820 2451 denarios.
990 2377 992 2384 ¹

391 2499 450 2574 (8)
471 2499 548 2560 item
571 2481 610 2560 de
631 2518 723 2572 curru
747 2483 858 2560 salium
872 2497 1068 2582 Ungnrornm
1092 2499 1172 2562 duos
1195 2499 1285 2575 sales,
1304 2505 1331 2562 ct

309 2609 470 2672 dimidium
486 2629 558 2671 cum
571 2611 723 2692 porcione
738 2631 842 2674 comes
856 2611 1036 2674 [auriensis.
1111 2585 1116 2594 ¹

393 2723 452 2796 (9)
471 2721 549 2784 Item
570 2721 610 2785 de
633 2729 759 2786 centum
780 2723 893 2787 mareis
915 2722 1034 2805 piperis
1052 2721 1209 2787 tributarii
1223 2725 1333 2786 dehent

308 2831 425 2896 habere
440 2851 535 2894 unam
549 2851 687 2896 marcam
702 2834 829 2916 piperis,
851 2833 936 2898 etde
953 2843 1077 2898 eentum
1093 2835 1331 2918 cyrotecis'duas

310 2953 483 3028 cyrotecas,
504 2946 593 3008 etsie
609 2945 647 3008 de
663 2945 729 3007 aliis
748 2945 874 3007 minutis
890 2945 1111 3010 mercimoniis.
1435 2923 1436 2930 ἵ

392 3059 472 3134 (10)
493 3058 570 3120 Item
590 3058 629 3120 de
651 3077 744 3118 curru
758 3053 917 3138 hospitum
939 3055 1105 3118 latinorum
1125 3077 1225 3120 unum
1244 3057 1333 3122 serto-

310 3189 393 3232 nem.

393 3281 471 3356 (11)
490 3279 570 3342 Item
590 3277 622 3340 in
642 3277 770 3360 Fizegtu
793 3279 832 3342 de
854 3299 946 3344 curru
968 3281 1220 3344 theotonicorum
1242 3303 1333 3366 quan·
1435 3275 1436 3292 ³

311 3400 503 3477 tomcnnque
519 3391 623 3452 oneris
638 3389 775 3452 habente
789 3411 887 3453 nnnm
902 3392 1075 3455 denarium.
1091 3395 1130 3455 de
1141 3393 1271 3477 reliquis
1285 3415 1335 3456 an·
1434 3399 1436 3458 J

313 3511 377 3572 tem
392 3495 612 3574 mercimoniis,
634 3500 734 3562 bobus
748 3501 865 3564 scilicet
880 3509 911 3564 et
926 3503 992 3564 aliis
1011 3501 1088 3564 nihil
1104 3505 1180 3567 dare
1194 3511 1334 3568 tenentur
1434 3541 1435 3588 t

312 3613 496 3695 inFizegtu.

327 3722 336 3738 ‘
396 3726 476 3800 (12)
496 3724 575 3788 Item
587 3723 619 3786 in
628 3723 738 3789 Obada
749 3726 789 3787 de
800 3725 923 3788 duobus
935 3724 1078 3806 curribus
1086 3725 1332 3800 Teotonicormn,

314 3843 449 3918 quatuor
462 3835 607 3900 denarios
630 3835 753 3920 seiuent
774 3835 961 3910 tributariis,
981 3835 1056 3912 item
1078 3837 1117 3900 de
1139 3837 1264 3899 dnobus
1284 3838 1333 3899 bo-

312 3947 372 4010 bus
386 3967 484 4010 unum
500 3947 673 4010 denarium.

396 4059 473 4134 (13)
494 4059 573 4122 Item
585 4059 708 4142 pedites
723 4058 886 4122 Tectonici
906 4057 983 4121 nihil
998 4059 1181 4142 persoluere
1196 4068 1331 4126 tenentur
1432 4085 1434 4114 2

396 4281 484 4382 Unde
498 4281 639 4348 fidelitati
653 4289 758 4348 uestre
773 4282 910 4348 districte
927 4281 1135 4366 precipiendo
1147 4285 1331 4362 mandamus,
