3048 4760
265 421 327 492 teo
415 437 677 490 oonrrrrurrones
695 439 833 488 arnonus
853 439 1011 489 nuornsrs.
1053 423 1144 505 tatu.

264 597 485 672 iamdudum,
515 597 679 679 uidelicet,
708 597 793 679 quod
813 595 885 677 laici
902 595 1066 671 ecclesias,
1091 597 1295 674 monasteria,

198 739 205 754 ·
266 729 438 791 earumque
459 710 686 792 possessiones,
711 717 743 773 et
763 709 831 773 iura
850 708 925 772 iuris
947 717 1131 790 patronatus
1154 729 1212 775 seu
1228 709 1294 774 aiio

265 839 456 903 quocunque
480 827 644 903 pretextu,
665 840 730 885 nou
752 821 871 902 absque
893 821 1062 885 damnabili
1083 829 1115 886 et
1130 822 1295 898 manifesta
1367 799 1372 808 ’

264 931 421 1016 sacrilegii
440 941 515 996 nota
529 933 621 1013 quasi
640 931 856 996 indifferenter
870 941 1066 1014 occuparunt
1078 933 1242 1010 hactenus,
1262 941 1297 1002 et

266 1045 406 1126 quotidie
435 1052 610 1125 occupant,
648 1051 679 1106 et
707 1023 927 1106 damnabiliter
955 1044 1097 1106 detinent
1124 1053 1296 1125 occupata,

266 1175 398 1238 quarum
421 1155 525 1236 alique
548 1162 620 1218 suut
639 1156 786 1236 deputate
808 1131 999 1236 habitacioui
1020 1163 1053 1218 et
1069 1156 1178 1220 usibus
1198 1156 1296 1230 laico-

265 1287 352 1341 rum,
373 1267 432 1330 atie
456 1287 533 1330 uero
548 1267 656 1330 usibus
677 1267 888 1331 iumentorum
903 1273 935 1328 et
951 1267 1295 1343 cruciamentorum,
1398 1321 1401 1330 ,

266 1378 415 1442 altaribus
438 1386 470 1442 et
492 1377 559 1446 eliis
583 1379 623 1440 ad
642 1377 757 1443 cultum
773 1377 914 1440 diuinum
935 1377 978 1439 ibi
992 1378 1114 1442 statutis
1128 1378 1181 1459 pia
1195 1379 1295 1442 deuo»

266 1488 358 1552 cione
371 1488 513 1552 fidelium
527 1497 558 1552 et
580 1488 764 1552 auctoritate
787 1488 971 1570 pontificum
986 1489 1152 1555 destructis
1167 1498 1199 1552 et
1214 1496 1296 1562 tota·

164 1641 172 1654 ·
265 1602 336 1666 liter
350 1601 550 1675 deformatis,
572 1618 629 1663 nos
644 1607 753 1664 contra
767 1599 948 1665 huiusmodi
961 1609 1101 1682 pestem,
1121 1601 1294 1684 quam-pati

265 1713 352 1778 nullo
367 1713 461 1775 modo
476 1731 642 1791 possumus
656 1729 717 1775 nec
731 1711 882 1774 debemus
897 1713 1024 1774 omuino
1039 1712 1238 1780 intendentes
1253 1713 1296 1776 dc

265 1824 382 1889 salubri
396 1823 538 1886 remedio
554 1823 738 1904 prouidere,
764 1843 874 1896 omnes
890 1831 922 1888 et
936 1824 1076 1906 singulos
1091 1824 1294 1896 ecclesiarum

267 1943 298 1998 et
316 1935 595 2008 monasteriorum,
615 1935 772 1998 bonorum
793 1955 831 1998 ac
851 1935 1032 1999 huiusmodi
1053 1937 1233 2000 detentores
1253 1957 1295 2000 ex

264 2051 353 2128 purte
377 2045 430 2111 dci
450 2045 672 2128 omnipotentis
697 2054 728 2110 et
745 2047 804 2108 sub
829 2047 1043 2111 obtestacione
1066 2045 1164 2112 diuini
1187 2047 1296 2118 iudicii

265 2177 498 2232 ammonemus,
527 2165 683 2240 quatenus
709 2157 874 2232 ecclesias,
907 2159 1097 2222 monasteria
1120 2179 1294 2240 earumque

264 2270 480 2350 possessiones
502 2277 534 2332 et
553 2269 636 2344 iura,
659 2289 721 2351 que
743 2269 846 2334 taliter
862 2278 1059 2350 occuparunt
1077 2290 1136 2332 seu
1154 2270 1295 2342 detinent

265 2387 429 2461 occupata,
449 2380 484 2442 in
498 2399 597 2463 regno
612 2387 644 2442 et
658 2379 748 2444 terris
762 2378 924 2462 predictis,
946 2380 1123 2456 diecesanis
1137 2379 1293 2461 episcopis

263 2489 315 2555 uel
330 2490 399 2552 aliis
416 2491 594 2564 ordinariis,
616 2498 670 2554 aut
685 2491 752 2552 aliis
767 2489 986 2554 ecciesiasticis
1000 2491 1144 2572 personis
1159 2491 1293 2571 adquae

263 2601 407 2682 predicta
423 2610 564 2682 spectare
579 2611 763 2675 noscuntur,
784 2602 864 2664 inira
879 2623 936 2668 sex
949 2623 1075 2667 menses
1092 2621 1110 2666 a
1125 2604 1175 2666 die
1190 2602 1292 2684 puhli-

262 2711 398 2776 caciunis
420 2714 573 2794 presentis
591 2713 828 2778 constitutionis
848 2715 1093 2795 computandos,
1115 2733 1186 2778 mem
1208 2690 1293 2779 irucss

261 2825 344 2889 tibus
367 2824 483 2889 exinde
503 2825 659 2908 perceptis
680 2826 815 2902 reddere
835 2833 867 2888 et
888 2825 1055 2902 restituere
1077 2845 1140 2888 non
1164 2836 1302 2906 ponpa-⁴

263 2944 353 3029 nant,
384 2937 522 3020 alioquin
549 2938 687 3018 prefatos
713 2939 904 3011 detentores,
934 2958 1014 3018 quos
1038 2939 1293 3002 excommunico-

264 3047 363 3110 oionis
384 3048 543 3112 sentencie
566 3049 764 3112 decernimus
785 3047 965 3121 subiecere,
986 3049 1027 3108 ad
1047 3046 1292 3128 requisicionern

262 3159 389 3220 illorum
403 3158 650 3232 ordinariorum,
674 3159 706 3220 in
722 3177 856 3239 quorum
872 3159 991 3220 diecesi
1005 3160 1056 3220 uei
1074 3157 1292 3222 iurisdictione

265 3279 317 3334 aut
332 3269 472 3335 ecclesiis
488 3268 542 3332 uel
555 3289 663 3332 earum
677 3259 770 3332 hon'is
785 3279 817 3332 et
830 3270 950 3335 iuribus
965 3272 1108 3352 predicta
1122 3279 1196 3334 snut
1208 3289 1294 3341 com-

263 3381 375 3453 missa,
406 3379 522 3442 uelde
548 3390 654 3442 cetero
681 3380 890 3455 comittentor,
925 3382 975 3454 ab,
993 3382 1135 3450 ominbus
1163 3381 1292 3462 prelatis

263 3493 351 3572 regui
372 3491 533 3571 ilungarie
551 3501 702 3572 quantum
718 3493 756 3556 ad
770 3493 949 3574 Hungnros,
971 3500 1003 3556 et
1017 3493 1130 3556 abillis
1144 3493 1184 3558 da
1199 3493 1293 3555 Polo-

262 3603 331 3674 nia‚
351 3609 503 3683 quantum
518 3603 557 3664 ad
572 3601 717 3676 Poiouos,
734 3623 837 3683 usque
853 3603 893 3664 ad
907 3601 1142 3668 restitucioncm
1157 3611 1189 3666 et
1201 3603 1293 3676 satit·

263 3712 433 3776 factionem
448 3713 634 3795 condignam
655 3714 941 3776 excommunicatos
959 3713 1084 3794 publice
1100 3712 1293 3794 precipimus

261 3822 423 3897 nunciati,
459 3825 587 3906 pulsatis
611 3825 772 3907 ¹(campanis,
794 3833 824 3888 et
851 3825 988 3891 candelis
1013 3825 1154 3889 accensis
1180 3825 1292 3888 dicbus

262 3930 426 4010 dominicis
442 3940 474 3996 et
488 3933 618 4008 festinis,
633 3944 741 4005 contra
753 3953 843 4016 quos,
856 3935 884 4006 si
899 3955 980 4015 opus
992 3933 1104 4008 fuerit,
1124 3935 1293 4010 iduooetnn

261 4041 410 4109 auxilium
424 4043 541 4106 brachii
554 4044 714 4106 secularis.

344 4151 410 4236 (53)
433 4153 511 4216 Cum
535 4154 667 4219 ecclesie
687 4175 723 4216 ac
744 4154 936 4220 monasteria
956 4159 1131 4232 secundum
1145 4155 1294 4232 tradicio·

263 4287 320 4340 nes
340 4265 549 4350 euangelicos,
570 4266 757 4347 apostolicas
780 4277 875 4352 atque
897 4270 1147 4344 nannetensem
1170 4277 1293 4344 etsist
