2920 4758
273 387 334 456 iti
454 409 584 456 arcaea
605 410 639 454 n.
664 409 754 458 accus
772 409 952 456 narraremus¹
969 411 990 454 1.
1033 389 1123 458 tm

271 558 374 634 luerit,
394 559 569 624 seruientes
584 579 658 636 eum
671 561 741 642 ipso
758 560 805 624 ire
818 581 887 622 nou
898 567 1075 634 tenemur,
1098 559 1158 622 uisi
1170 578 1231 640 ,pro
1248 577 1306 640 pe-

273 670 366 734 cunie
379 671 489 752 ipsius.
512 680 543 734 et
559 680 630 752 pcst
642 671 859 736 reuersionem
874 673 1025 736 iudicium
1040 671 1196 736 exercitus
1207 691 1307 752 super

274 801 330 846 eos
344 801 409 846 uon
423 781 565 864 recipiat.
597 781 624 844 si
639 801 717 844 uero
732 803 772 853 ex
786 783 921 848 aduersa
936 791 1027 864 parte
1042 782 1201 846 exercitus
1215 781 1305 860 ueni-

274 901 323 959 ret
336 913 433 975 super
449 913 592 976 reguum,
607 913 717 958 omncs
731 894 954 961 uniuersaliter
967 893 1013 962 ire
1034 899 1209 959 tencantur.
1229 891 1307 954 item

275 1006 301 1068 si
314 997 403 1068 extra
417 1025 549 1088 reguum
564 1009 739 1069 exercitum
751 1007 866 1070 ducere
879 1004 1073 1068 uoluerimus
1089 1012 1205 1068 etcum
1215 1021 1305 1066 exer·

275 1117 338 1180 citu
355 1116 428 1198 ipse·
441 1115 610 1190 incrinus,
636 1137 747 1180 omnes
762 1117 816 1198 qui
831 1115 996 1180 comitatus
1018 1115 1153 1188 habent,
1176 1134 1232 1196 pro
1247 1133 1302 1194 pe·

276 1229 368 1293 cunia
382 1236 488 1294 nostra
502 1228 668 1292 nobiscum
682 1229 727 1290 ire
743 1235 922 1294 teneantur.
1028 1281 1030 1288 .

360 1338 406 1422 (8)
427 1340 585 1405 Palatinus
598 1359 708 1404 omnes
719 1338 863 1405 homiues
879 1339 968 1421 regni
983 1339 1081 1400 nostri
1092 1336 1306 1403 indifferenter

277 1453 439 1518 discutiat:
460 1453 519 1516 scd
541 1471 667 1516 causam
690 1451 863 1525 nobilium,
884 1471 947 1532 que
970 1451 1009 1512 ad
1027 1449 1242 1531 perdicionem
1256 1469 1305 1512 ca·

276 1563 366 1648 pitis,
397 1564 450 1626 uel
474 1564 514 1626 ad
538 1562 791 1626 destruccionem
815 1561 1051 1644 possessionum
1076 1560 1214 1641 pertinet
1237 1561 1303 1626 sine

277 1675 476 1740 consciencia
496 1675 580 1756 regis
594 1673 767 1736 terminare·
778 1693 842 1736 nou
856 1671 966 1755 possit.
995 1673 1114 1734 iudices
1129 1691 1207 1734 uero
1222 1673 1305 1737 uica-

277 1786 342 1850 rios
357 1805 421 1848 non
436 1785 589 1857 habeant,
610 1784 671 1846 uisi
686 1803 784 1848 uuum
804 1783 837 1844 iu
852 1781 943 1852 curia
954 1802 1020 1846 sua.
1099 1839 1102 1846 .

253 1951 256 1955 .
362 1894 408 1978 (9)
432 1895 564 1960 Curialis
589 1915 695 1959 comes
717 1901 835 1967 noster,
857 1895 958 1960 donoc
979 1893 1122 1956 incuria
1145 1889 1306 1964 meuserit,

279 2028 390 2073 omues
409 2008 509 2089 possit
528 2007 687 2080 iudicare,
709 2013 883 2070 etecusam
898 2003 931 2066 iu
946 2004 1033 2068 ouria
1048 2003 1226 2067 inchoatam
1241 2001 1309 2065 ubi·

279 2141 340 2204 que
355 2120 535 2184 terminare.
557 2119 613 2182 sed
628 2137 757 2180 manens
773 2117 805 2180 iu
820 2117 929 2198 predio
944 2135 1014 2190 suo,
1028 2112 1308 2197 presteldumdere

278 2253 343 2296 uon
359 2233 474 2315 possit,
495 2251 555 2294 nec
569 2239 673 2314 pcrtes
687 2229 792 2294 facere
807 2227 907 2292 citari.

361 2341 425 2425 (10)
456 2343 488 2404 Si
510 2343 579 2424 quis
602 2339 748 2423 iobbagio
775 2340 894 2405 habeus
916 2339 1088 2412 honorem,
1115 2337 1148 2398 io
1170 2337 1309 2400 exercitu

279 2455 374 2518 fuerit
388 2462 540 2526 mortuus,
555 2453 624 2520 eius
639 2452 720 2514 iilius
735 2451 787 2514 uel
802 2451 897 2512 irater
909 2469 1050 2532 congruo
1064 2449 1187 2510 honore
1203 2447 1243 2512 sit
1254 2448 1309 2508 do-

277 2567 413 2629 nandus.
443 2573 474 2627 et
496 2565 521 2626 si
541 2564 683 2626 seruiens
708 2564 820 2626 eodem
843 2563 937 2624 modo
958 2561 1053 2624 fuerit
1067 2569 1220 2632 mortuus,
1243 2558 1309 2623 eius

278 2676 361 2738 fliius
382 2676 464 2738 sicut
478 2675 547 2756 ,regi
563 2673 719 2738 uidebitur
735 2675 879 2752 donetur.
1031 2747 1033 2751 ,

360 2783 479 2866 (trist
498 2785 654 2866 hospites,
676 2782 826 2850 uidelicet
845 2784 919 2844 boui
940 2782 1094 2856 homines,
1115 2782 1156 2844 ad
1177 2799 1310 2863 reguum

280 2892 440 2972 uenerint,
462 2897 529 2961 sine
552 2897 681 2960 consilio
704 2895 793 2978 regui
815 2895 854 2958 ad
875 2893 1041 2978 dignitates
1063 2912 1310 2976 nonpromoue-

282 3017 383 3074 autur.
611 3074 616 3081 f
1218 3081 1222 3092 ι

278 3177 281 3182 .
364 3115 431 3200 (12)
452 3119 572 3184 Uxores
581 3117 812 3183 decedeucium
827 3114 878 3178 uel
891 3115 1109 3187 damnatorum
1124 3115 1310 3182 adurentem

281 3253 339 3315 per
361 3229 553 3294 sentenciam
575 3228 627 3292 uel
646 3227 679 3290 iu
701 3227 795 3288 ducto
817 3227 1091 3302 succumbenoium
1111 3225 1165 3288 uel
1178 3245 1218 3288 ea
1233 3243 1311 3309 qua-

281 3363 409 3424 cunque
419 3341 481 3404 aiia
495 3359 606 3412 causa,
628 3358 693 3402 nou
706 3338 894 3400 fraudentur
908 3339 981 3402 dote
996 3357 1062 3423 soa.

365 3452 439 3534 (13)
461 3451 648 3532 lobagiones
668 3448 712 3513 ita
731 3459 903 3532 sequautur
917 3447 1103 3528 curiomuei
1118 3467 1311 3530 quocunque

281 3564 534 3649 proficiscuntur,
552 3569 588 3624 ut
604 3579 760 3645 pauperes
780 3582 837 3644 per
851 3581 908 3624 eos
929 3577 993 3626 non
1002 3561 1231 3644 opprimantur
1252 3578 1312 3620 nec

280 3675 467 3758 spolientur.
683 3749 685 3753 .
1252 3727 1255 3732 ,

365 3783 429 3868 (tu)
451 3786 528 3848 item
542 3785 568 3850 si
582 3785 652 3868 quis
668 3802 773 3850 comes
787 3783 960 3849 honorifice
982 3803 1016 3846 se
1039 3782 1127 3846 iuxta
1146 3780 1311 3848 comitatus

283 3898 332 3962 sui
347 3898 524 3981 qualitatem
540 3918 604 3960 nou
618 3895 774 3970 habuerit,
794 3895 848 3958 uel
863 3893 1053 3966 destruxerit
1067 3891 1203 3975 populus
1218 3891 1312 3956 castri

283 4012 346 4086 sui,
368 4009 529 4075 conuictus
550 4029 646 4090 super
660 4009 722 4074 hoc
743 4027 851 4071 coram
872 4006 957 4070 omni
976 4025 1077 4088 reguo
1090 4002 1241 4086 dignitate
1255 4021 1312 4067 sua

283 4123 415 4207 turpiter
429 4119 590 4206 spolietur,
612 4139 683 4184 cum
696 4118 900 4186 restitucione
914 4117 1101 4184 ablatorum.
1218 4175 1221 4178 .
