2924 4758
182 400 375 448 1111111111
394 395 485 444 neers
506 397 547 444 nu
566 397 676 444 norun
690 346 904 474 rrsrlrurrorn
923 399 1026 444 1111111.
1041 375 1111 464 (111.)
1153 379 1214 448 303

183 557 248 620 suit
265 561 373 618 sancte
396 553 546 616 ecclesie:
577 559 611 614 tu
631 571 665 614 es
685 551 797 616 Petrus
818 559 851 616 et
873 551 1071 634 superbene
1095 560 1216 636 petram

184 666 341 728 edificabo
364 662 547 728 eccclesiam
567 684 680 726 meam.
708 683 742 727 se
764 664 867 745 ipsum
889 663 1019 746 quidem
1040 663 1215 732 nominauit

185 784 325 856 petram,
346 795 457 838 uerum
472 794 536 836 non
550 773 687 852 ligneam
702 793 805 856 neque
820 773 976 856 lapideam
991 795 1134 856 superse
1150 776 1217 838 edi·

186 883 312 948 licatam
332 883 495 947 ecelesiam
517 883 608 957 dixit,
635 883 754 946 scilicet
773 885 924 965 populum
947 885 1163 967 acquisicionis
1185 893 1217 950 et

188 1005 314 1077 gentem
334 995 482 1068 electam,
504 991 697 1058 dominicum
718 1015 861 1078 gregem,
888 995 951 1059 fide
975 997 1119 1071 doctum,
1139 997 1217 1077 bap·

186 1106 310 1169 tismate
324 1107 440 1180 lotum,
463 1106 630 1171 chrismate
647 1105 952 1181 unctum,'sanctam
967 1107 1103 1189 appellat
1120 1127 1217 1189 super

186 1238 223 1282 se
245 1217 418 1280 edificatam
438 1217 616 1288 ecclesiam,
637 1215 714 1278 dixit
738 1225 770 1278 et
793 1215 938 1298 appellat.
968 1217 995 1280 si
1016 1218 1086 1300 quis
1107 1216 1217 1300 infelix

186 1327 282 1390 huius
308 1328 439 1392 ecclesie
464 1335 573 1390 sancte
596 1327 736 1388 membra
760 1327 814 1389 uel
838 1327 989 1409 paruulos
1013 1324 1215 1412 scandalizat,

186 1439 277 1500 iuxta
298 1439 496 1520 euangelium
518 1435 647 1519 dignum
667 1444 715 1500 est
733 1444 932 1518 preceptum,
952 1443 986 1500 ut
1006 1439 1217 1518 suspendatur

189 1550 276 1612 mola
287 1549 422 1613 asinaria
432 1549 511 1611 collo
524 1550 603 1622 eius,
614 1556 646 1611 et
656 1549 855 1630 demergatur
865 1549 898 1610 in
910 1548 1101 1630 profundum
1112 1548 1216 1612 maris.

188 1661 223 1722 id
245 1667 292 1722 est
313 1647 467 1724 deiciatur.
477 1661 516 1722 de
534 1667 687 1740 potestate
706 1659 862 1741 dignitatis
878 1665 910 1720 et
923 1666 1048 1721 maneat
1062 1665 1151 1722 extra
1164 1661 1217 1721 ec-

190 1769 318 1832 clesiam
338 1772 505 1843 iustorum,
525 1770 558 1832 in
572 1769 624 1833 illa
639 1769 790 1832 mundiali
811 1769 955 1843 miseria,
976 1767 1057 1832 sicut
1071 1769 1215 1833 ethnicus

190 1858 223 1943 et
246 1881 441 1962 publicanus.
465 1901 501 1942 ae
523 1902 579 1962 per
596 1881 659 1944 boc
677 1881 723 1942 fili
737 1881 778 1942 mi
794 1878 920 1942 florenti
934 1879 1037 1942 studio
1054 1880 1150 1942 debes
1168 1880 1217 1942 in-

189 1991 324 2073 uigilare
346 1991 378 2052 in
389 1973 390 1976 ¹
400 1998 507 2054 saneta
529 1991 676 2064 eeclesia,
699 1991 738 2052 de
753 1989 803 2052 die
818 1991 851 2051 in
865 1990 948 2052 diem
966 1997 999 2052 ut
1012 1989 1124 2070 pocius
1139 2009 1216 2071 aug·

189 2087 983 2182 mentumaccipiat,quamdetrimentumpaciatur.
1004 2099 1078 2162 inde
1088 2099 1217 2182 quidem

187 2211 342 2292 imprimis
363 2232 456 2294 reges
479 2211 612 2294 Augusti
635 2192 829 2284 dicebantur,
850 2211 924 2292 quia
944 2211 1101 2291 augebant
1115 2209 1217 2272 eccle-

190 2321 280 2382 siam.
309 2321 368 2384 heo
384 2329 415 2382 et
429 2328 463 2384 tu
478 2321 591 2394 iacias,
613 2329 645 2383 nt
661 2329 693 2382 et
707 2329 759 2384 tua
776 2339 891 2382 corona
905 2319 1094 2382 laudabilior
1108 2327 1139 2385 et
1152 2319 1219 2381 uita
1255 2315 1257 2319 ’

189 2431 317 2492 beacior
333 2439 364 2494 et
378 2431 527 2512 prolixior
539 2414 724 2493 habeatur.‘
824 2511 828 2514 -

241 2651 245 2666 “
275 2651 456 2713 murrum
476 2651 528 2712 111.
562 2651 1126 2733 11111111111111111111111111111111111.1
1156 2653 1219 2714 Re·

190 2783 265 2844 gum
286 2761 399 2826 solium
411 2770 502 2824 ornat
513 2762 796 2845 ordopontificum.
823 2785 880 2844 per
889 2763 950 2826 1111
964 2764 996 2824 in
1007 2762 1106 2844 regali
1118 2763 1220 2844 digni·

188 2879 254 2934 tate
275 2873 363 2936 tercii
382 2873 546 2956 possident
565 2873 670 2934 locum
692 2873 868 2954 pontifices.
897 2874 1056 2937 carissime
1071 2873 1130 2936 filil
1158 2873 1220 2935 sint

189 2983 246 3044 tibi
261 2985 411 3066 seniores.
433 2982 502 3046 illos
520 2983 563 3044 ita
578 2982 735 3046 custodias
751 2983 832 3046 sicut
846 2983 1007 3046 oculorum
1021 2983 1166 3066 pupillas.
1192 2983 1220 3046 si

188 3092 316 3156 illorum
338 3093 599 3156 beneuolenciam
618 3091 765 3169 babebis,
786 3095 946 3156 neminem
965 3093 1219 3158 aduersariorum

189 3203 325 3266 timebis.
339 3203 399 3266 illis
411 3204 539 3286 quidem
551 3203 581 3268 te
594 3207 833 3269 obseruantibus
845 3207 906 3268 eris
917 3225 1058 3268 securus.
1076 3205 1110 3266 ln
1120 3205 1220 3268 omni-

191 3315 251 3375 bus
265 3313 389 3376 illorum
403 3315 548 3395 precacio
559 3315 791 3378 commendabit
803 3321 835 3376 te
848 3315 1053 3396 omnipotenti
1066 3315 1136 3390 deo,
1149 3313 1219 3378 illos

191 3443 264 3488 curn
274 3426 352 3487 deus
366 3425 495 3504 humani
510 3425 635 3508 generis
651 3425 726 3488 iecit
738 3427 894 3499 custodes,
908 3425 1046 3507 fecitque
1059 3427 1136 3488 deus
1148 3445 1221 3508 spe·

192 3517 347 3598 culatores
362 3534 547 3610 animarum,
562 3555 597 3598 ac
612 3535 711 3598 tocius
727 3535 937 3600 ecclesiastice
953 3535 1111 3618 dignitatis
1125 3545 1219 3619 atque

139 3678 146 3688 ·
192 3645 290 3708 diuini
302 3646 490 3708 sacramenti
501 3647 729 3728 compositores
738 3655 770 3710 et
780 3643 915 3710 datores.
928 3647 1151 3711 sineenimillo
1160 3668 1221 3712 nec

193 3757 425 3822 constituuntur
438 3777 529 3838 reges
545 3745 604 3818 nec
618 3755 828 3838 principatus,
847 3744 907 3839 'per
921 3756 1046 3818 illorum
1060 3757 1220 3820 interuen-

191 3873 258 3928 tum
278 3866 392 3931 delicta
414 3867 559 3954 delentur
577 3861 750 3928 hominum.
778 3865 807 3928 si
827 3865 897 3948 11111
910 3865 1050 3948 perfecte
1065 3885 1167 3942 amas,
1187 3875 1219 3930 te

190 3976 295 4058 ipsum
314 3977 382 4040 sine
405 3974 499 4039 dubio
523 3995 632 4051 sanas,
652 3981 802 4059 tuumque
821 3994 955 4060 regnum
974 3975 1220 4060 honorilicegu-

190 4087 317 4176 beruas
346 4087 380 4149 in
391 4079 505 4150 marrus
520 4086 604 4150 enim
618 4086 742 4150 illorum
762 4088 868 4172 posita
888 4095 936 4152 est
950 4095 1088 4172 potestas
1102 4086 1220 4170 ligandi

190 4217 248 4262 nos
262 4196 296 4262 in
310 4199 466 4283 peccatis,
488 4181 519 4265 et
533 4199 701 4290 apeccatt's
710 4189 871 4268 soluendi.
900 4207 1120 4267 testamentum
1134 4196 1218 4262 enim
