2920 4758
274 405 335 478 ant
377 425 697 478 sacramentalem
719 425 923 478 cossrrnorro
943 421 1191 478 ercammarus.
1215 407 1313 476 1169.

274 587 389 660 uariat,
406 586 458 650 uel
472 586 577 669 aliqua
591 585 652 649 alia
665 585 886 667 urgentissima
900 583 1072 650 necessitas
1088 582 1311 666 postulauerit,

276 707 307 763 et
321 709 394 764 tnnc
409 719 536 782 quoque
551 699 584 762 id
598 699 666 762 sine
681 699 902 780 episcoporum
917 695 1048 760 consilio
1062 715 1127 760 non
1142 681 1310 758 iaciemus.

358 807 404 892 (le)
426 811 576 872 Addimus
598 807 715 883 eciam,
737 816 769 871 et
785 807 899 871 robore
920 807 1109 870 inconcusso
1123 813 1188 870 tem
1201 807 1233 869 in
1247 825 1308 868 no-

274 923 323 986 bis
338 941 433 1003 quam
453 922 486 984 in
501 923 636 1003 posteris
651 920 765 985 nostris
780 927 934 1004 perpetuo
949 921 1184 984 obseruandum
1198 925 1308 986 statui-

275 1053 355 1107 mus,
376 1034 462 1115 quod
485 1032 604 1115 regales
629 1033 778 1116 prepositi
803 1033 855 1096 uel
873 1033 1001 1095 abbates
1022 1032 1062 1095 de
1081 1032 1146 1094 suis
1162 1035 1308 1116 preposi-

275 1145 352 1207 turis
367 1145 420 1207 nel
434 1145 566 1208 abbeliis
580 1163 637 1207 seu
652 1145 855 1227 dignitatibus
874 1163 939 1206 non
954 1163 975 1206 a
987 1145 1081 1207 modo
1095 1145 1305 1226 deponentur,

274 1255 308 1316 in
322 1255 381 1317 hac
398 1263 485 1336 parte
501 1255 720 1317 consuetudini
742 1261 848 1316 nostre
864 1253 989 1336 antique
1011 1273 1068 1334 per
1081 1273 1140 1316 nos
1155 1263 1187 1316 et
1199 1263 1306 1336 poste-

274 1387 328 1429 ros
342 1374 466 1428 nostros
480 1365 712 1439 renunciantes,
723 1364 783 1428 nisi
797 1363 933 1428 infausto
945 1383 1019 1426 casu
1032 1365 1305 1446 contingeret‚eos

275 1499 372 1560 snper
384 1487 471 1541 certo
488 1477 616 1540 erimine
633 1478 784 1540 canonico
800 1477 913 1540 ordine
927 1475 1089 1550 conuinei,
1117 1477 1170 1539 uel
1183 1477 1305 1540 crimen

273 1612 365 1656 suurn
381 1589 502 1674 publice
518 1589 669 1654 confiteri.

358 1700 406 1783 (5)
427 1703 475 1764 Ad
489 1702 549 1764 hec
564 1701 692 1764 Cosmas
708 1699 966 1782 archiepiscopus
982 1699 1174 1775 Colocensis,
1193 1722 1306 1765 omnes

275 1815 416 1897 episcopi
431 1824 463 1877 et
477 1812 585 1885 electi,
607 1811 728 1895 regales
747 1813 900 1894 propositi
915 1820 946 1875 et
960 1813 1099 1886 abbates,
1120 1813 1307 1876 munificen-

276 1929 356 1990 ciam
379 1945 415 1987 ac
434 1924 628 1998 libertatem,
655 1943 749 2006 quam
772 1942 829 2005 pro
854 1924 1040 1987 reuerencia
1060 1925 1145 1987 beati
1166 1925 1251 1987 Petri
1272 1936 1307 1990 et

274 2037 459 2102 sanctissimi
481 2053 560 2118 pape
577 2035 677 2097 nostri
691 2034 876 2108 Alexandri,
898 2055 958 2098 nec
979 2053 1044 2097 non
1064 2043 1095 2098 et
1115 2036 1306 2098 bbuenera-

273 2151 343 2214 bilis
365 2149 487 2212 diaconi
510 2143 676 2213 cardinalis
697 2147 868 2228 apostolice
891 2147 974 2209 sedis
990 2147 1084 2229 legati
1098 2147 1159 2208 sibi
1172 2167 1305 2210 conces-

273 2263 379 2335 simus,
401 2261 607 2332 attendentes,
627 2275 758 2339 prauam
774 2275 862 2318 snam
878 2257 1136 2320 consuetudinem
1157 2264 1189 2319 et
1202 2259 1305 2320 omni-

271 2375 330 2437 bus
343 2373 513 2435 canonibus
526 2371 723 2442 obuiantem,
744 2386 838 2450 qnam
850 2369 884 2430 in
894 2369 1083 2432 instruendis
1096 2377 1127 2432 et
1138 2371 1304 2432 destruen-

273 2485 319 2546 dis
339 2481 505 2564 prepositis
527 2487 558 2542 et
577 2477 644 2542 aliis
663 2479 880 2560 dignitatibus,
904 2487 935 2542 et
949 2479 1167 2542 ecclesiasticis
1182 2479 1303 2544 benefi-

273 2595 327 2655 ciis
343 2591 563 2655 subtrahendis
586 2591 792 2664 exercebant,
812 2591 846 2652 in
861 2611 971 2654 manns
986 2591 1118 2673 predicti
1133 2592 1301 2656 cardinalis
1409 2623 1412 2629 ·
1454 2671 1456 2688 ,

272 2706 397 2787 penitus
416 2703 620 2784 reliquerunt.

355 2813 400 2895 ld)
422 2815 509 2876 Unde
526 2817 684 2878 communi
700 2835 857 2879 consensu
877 2824 908 2878 et
921 2813 1021 2879 libera
1034 2837 1145 2879 eorum
1161 2819 1300 2880 omnious

269 2927 431 2992 uoluntate
454 2926 653 2988 decernimus
678 2936 709 2990 et
729 2925 954 2989 inuiolabiliter
975 2928 1114 3008 presenti
1137 2927 1300 3010 priuilegio

269 3039 404 3102 ualituro
418 3047 573 3120 perpetuo
589 3040 772 3112 stabilimus,
787 3040 871 3121 quod
887 3037 964 3101 nulli
979 3039 1300 3122 archiepiscoporum,

271 3150 508 3232 episcoporum,
531 3148 717 3222 electorum,
739 3149 990 3230 prepositorum,
1018 3151 1182 3225 abbatum,
1210 3151 1300 3214 dein-

271 3279 344 3340 ceps
359 3259 489 3321 licencia
507 3267 609 3340 pateat
629 3260 668 3322 de
691 3260 894 3340 preposituris
916 3281 989 3323 suos
1006 3263 1181 3344 prepositos
1195 3281 1299 3324 remo·

268 3389 362 3445 uere,
386 3369 446 3433 nel
470 3369 547 3432 alias
574 3368 803 3448 ecclesiasticas
825 3389 978 3451 personas
1002 3373 1066 3435 suis
1095 3371 1297 3453 dignitatibus

269 3491 322 3545 aut
341 3480 563 3544 ecclesiasticis
584 3479 744 3542 beneficiis
763 3481 903 3562 prinare,
924 3482 985 3546 nisi
1006 3483 1089 3546 torte
1108 3483 1147 3546 de
1169 3483 1298 3545 crimine

268 3594 386 3656 fuerint
401 3592 536 3654 conuicti
552 3592 703 3654 canonice
719 3591 770 3654 nel
786 3594 933 3656 confessi.

349 3703 418 3764 ileo
437 3709 541 3764 antem
564 3701 668 3764 omnia
690 3703 729 3764 de
752 3702 883 3764 consilio
906 3704 1043 3786 gloriose
1063 3703 1175 3786 regine
1190 3704 1296 3768 matris

265 3822 373 3876 nostre
397 3820 427 3874 et
446 3813 767 3894 archiepiscoporum,
790 3815 1012 3895 episcoporum
1035 3816 1191 3888 omnium,
1213 3817 1297 3878 elee-

140 3929 141 3936 ’
185 4001 188 4006 ,
264 3933 385 3998 torum,
406 3925 641 4006 prepositorum
662 3926 812 4006 regalium
836 3934 932 4008 atque
951 3926 1117 4000 abbatum,
1148 3929 1296 3990 combam

266 4035 405 4099 omnium
428 4053 594 4116 procerum
616 4044 647 4097 et
663 4035 794 4100 aliorum
806 4035 984 4118 'principum
999 4037 1133 4100 stabilite
1149 4057 1185 4099 ac
1195 4038 1296 4102 drmi-

264 4153 313 4209 ter
342 4146 543 4209 corroborata
569 4154 750 4212 noscantur.
793 4146 902 4212 Actum
928 4147 965 4210 in
989 4148 1117 4216 ciuitate
1137 4147 1189 4212 W.
1211 4166 1294 4213 anno

264 4255 433 4323 llGLXlX.

600 4363 963 4392 ma„
