3048 4760
317 387 1163 468 rossrrrnrromssnscxroson,arsormnu.1298.
1204 389 1265 460 637
1311 432 1317 441 -

234 591 294 636 nos
318 578 527 658 occupentur,
553 569 740 652 spolientur,
762 577 792 634 et
814 570 975 645 ledantur,
997 568 1028 632 in
1050 578 1138 653 parte
1159 568 1212 633 uel
1232 570 1265 634 in

235 694 312 749 toto.

319 791 384 876 (23)
405 795 491 856 Boua
507 793 605 858 eciam
621 795 805 857 decedentis
827 793 967 876 episcopi
982 794 1126 856 dominos
1141 814 1198 856 rex
1212 793 1265 856 uel

236 905 377 989 quelibet
397 905 457 968 alia
475 925 628 986 persona,
649 925 762 988 repere
778 925 841 966 non
857 906 972 987 possit,
993 907 1051 968 sed
1071 905 1195 968 utilitati
1213 923 1266 966 ec-

236 1017 347 1090 clesie,
368 1015 456 1078 cuius
478 1015 562 1078 idem
578 1015 716 1097 prelatus
738 1017 836 1080 luisse
858 1017 1041 1091 dinoscitur,
1063 1017 1089 1078 si
1102 1017 1266 1078 intestatus

236 1128 375 1214 decedit,
397 1127 602 1209 applicentur.

320 1236 387 1320 (ἳῇ)
408 1237 441 1300 si
466 1259 543 1302 uero
565 1259 695 1322 compos
717 1261 775 1302 sue
799 1239 913 1303 mentis
932 1239 970 1302 de
992 1238 1041 1302 his
1062 1239 1266 1320 disposuerit,

237 1351 411 1419 secundum
436 1350 658 1432 pomissionem
686 1351 762 1414 iuris
787 1351 831 1414 eis
853 1350 976 1432 disponi
999 1350 1130 1424 debent,
1153 1351 1267 1431 quibus

237 1463 356 1528 luerint
376 1463 587 1545 appromissa,
608 1495 649 1510 ···
662 1497 704 1512 -
716 1497 759 1510 -
777 1483 835 1525 seu
850 1462 1036 1524 detonsione
1052 1471 1267 1542 cognatorum,

238 1575 447 1637 seruiencium
461 1583 515 1636 aut
529 1573 710 1637 officialium
726 1574 865 1656 episcopi
881 1573 1075 1647 decedentis,
1096 1593 1268 1655 aquocun·

237 1705 300 1768 que
323 1685 564 1749 interueniente.
593 1685 652 1747 etsi
675 1685 1034 1767 quiparochianorum,
1064 1683 1114 1747 uel
1135 1684 1266 1746 aliarum

236 1817 443 1881 personarum
467 1796 678 1880 priuatarum,
700 1807 810 1862 contra
833 1795 893 1860 hec
918 1803 1033 1860 statuta
1057 1796 1168 1859 uenire
1194 1816 1268 1876 pre·

238 1909 445 1991 sumpserint,
467 1929 590 1971 exnunc
604 1909 698 1972 latam
713 1907 875 1972 incurrant
888 1909 957 1992 ipso
973 1909 1067 1974 lacto.

317 2017 386 2102 (25)
407 2021 474 2084 Etsi
498 2021 552 2104 qui
579 2021 749 2094 collectas,
781 2019 834 2083 uel
858 2020 1048 2114 exactiones·
1062 2040 1268 2104 quascunque

238 2154 333 2216 super
348 2132 482 2214 populos
503 2109 710 2196 ecclesiarum
726 2140 757 2194 et
771 2111 922 2194 nobilium
943 2130 1049 2194 lacere
1071 2151 1269 2211 presumpse-

238 2245 314 2318 rint,
336 2243 387 2306 uel
407 2263 536 2328 quoquo
561 2244 656 2306 modo
675 2243 795 2306 fiendas
815 2241 1002 2316 indixerint,
1023 2241 1158 2303 barones
1179 2259 1268 2312 uero,

237 2355 346 2438 quiin
371 2354 567 2418 monasteriis
590 2353 639 2416 ius
664 2360 846 2435 patronatus
873 2372 938 2414 non
959 2351 1092 2426 habent,
1120 2351 1147 2414 si
1169 2369 1268 2431 super

239 2467 372 2549 populos
387 2465 538 2530 nobilium
555 2467 726 2528 descensus
747 2464 881 2528 fecerint
899 2463 1066 2539 uiolentos,
1086 2483 1199 2546 penam
1214 2483 1268 2524 ex·

240 2578 537 2642 communicacionis
552 2578 712 2640 incurrant
727 2595 850 2638 exnunc
864 2577 969 2640 latam.

323 2690 388 2772 (26)
410 2689 579 2754 Statuimus
592 2690 690 2752 eciam
705 2723 746 2734 —-
757 2723 798 2734 -
812 2697 975 2772 potentum
987 2687 1038 2752 uel
1053 2689 1269 2770 impotentum,

242 2801 363 2884 aliquas
370 2801 552 2882 prouincias
562 2809 806 2874 commetaueas,
822 2801 899 2864 duas
911 2801 962 2863 uel
972 2801 1089 2882 plures,
1103 2809 1158 2864 aut
1169 2801 1270 2863 eciam

242 2931 337 2976 unam
357 2911 530 2974 committat
550 2911 749 2986 iudicandas,
771 2913 828 2976 sed
850 2932 959 2976 omnes
980 2931 1074 2974 cause
1097 2913 1137 2974 ad
1157 2911 1271 2974 Palati-

241 3043 332 3095 num,
354 3023 429 3084 dom
451 3021 632 3103 prouincias
653 3024 783 3096 iudicat,
814 3021 866 3084 uel
885 3029 959 3084 tunc
975 3022 1050 3084 dum
1072 3041 1136 3084 non
1155 3020 1272 3084 iudicat

242 3133 282 3196 ad
297 3131 494 3216 parochiales
516 3133 635 3196 iudices
655 3133 843 3196 referantur.
872 3143 919 3216 et,
940 3133 966 3195 si
981 3131 1075 3214 aliqui
1090 3129 1272 3194 huiusmodi

242 3243 421 3329 prouincias
442 3245 627 3308 iudicandas
649 3245 890 3328 assumpserint,
912 3244 1073 3308 sentencia
1090 3261 1271 3308 excommu-

242 3355 413 3420 nicacionis
429 3376 552 3418 exnunc
566 3357 630 3419 lata
643 3357 844 3419 innodentur.

326 3465 391 3550 (27)
413 3469 491 3531 ltem
506 3469 682 3543 statuimus,
696 3470 781 3550 quod
797 3465 917 3532 nobiles
931 3468 1051 3532 seruire
1066 3467 1192 3537 ualeant
1202 3466 1271 3549 qui·

243 3579 429 3662 buscunque
448 3579 607 3642 noluerint
630 3599 687 3642 sua
712 3587 886 3661 spontanea
908 3579 1081 3644 uoluntate.
1114 3586 1145 3640 et
1169 3577 1272 3659 siqui

242 3698 406 3772 potentum
430 3691 611 3754 huiusmodi
638 3690 760 3754 nobiles
785 3691 825 3754 ad
848 3689 907 3752 sibi
932 3690 1136 3752 seruiendum
1162 3689 1194 3750 ui
1218 3686 1269 3750 uel

244 3801 390 3884 potencia
410 3803 593 3875 artaueriut,
615 3807 669 3864 aut
689 3801 774 3883 ipsos
789 3808 919 3884 propter
933 3799 995 3864 hoc
1016 3801 1048 3863 in
1064 3801 1205 3883 personis
1218 3796 1271 3861 uel

242 3911 452 3976 facultatibus.
479 3913 543 3976 suis
558 3911 705 3986 leseriut,
727 3911 780 3974 uel
794 3931 925 3994 grauare
941 3956 948 3974 .
964 3956 973 3974 .
988 3956 996 3973 .
1011 3921 1119 3974 contra
1133 3911 1193 3972 hoc
1208 3917 1271 3972 sta-

243 4027 344 4086 tutum
358 4021 525 4098 uenerint,
546 4023 909 4111 excommunicacionem
920 4041 1044 4086 exnunc
1058 4023 1154 4099 latam
1167 4020 1272 4082 ineur-

242 4139 324 4198 rant.
337 4131 407 4220 ipso
429 4129 523 4196 iacto.
553 4140 601 4212 et,
623 4133 650 4200 si
674 4134 715 4198 de
734 4133 914 4200 huiusmodi
936 4133 1099 4219 pressione
1120 4129 1272 4198 nobilium
