2904 4754
283 400 357 448 rnar
377 397 466 447 uorn
488 400 637 448 ervrrrrrs
658 402 689 448 u
710 401 817 450 nerra
839 401 1015 452 reatinen.
1039 387 1128 454 1251.
1163 387 1224 454 t77

272 557 350 633 (28)
371 557 449 618 Item
462 556 609 618 nolumus
623 565 658 620 nt
671 557 775 620 nullus
794 557 926 622 ludeum
949 579 1045 642 super
1059 561 1221 625 solucione

185 671 357 754 pignorum
371 667 403 728 in
418 687 475 730 sua
490 667 589 730 feriali
605 669 655 730 die
671 671 785 732 audeat
800 689 960 734 coercere.

273 773 349 858 (29)
370 778 447 844 Item
460 779 639 862 quicunque
649 781 844 844 Christianus
857 784 955 846 ludeo
969 804 1027 866 per
1038 784 1102 846 nim
1117 785 1223 847 abstu-

185 895 261 958 lerit
274 895 388 975 pignus
403 912 512 965 suurn,
536 892 657 974 etquid
672 892 829 956 uiolenter
842 895 874 955 in
890 896 983 957 domo
998 916 1056 958 sua
1072 916 1223 960 exercue-

185 1008 244 1080 rit,
266 1013 301 1067 nt
314 1003 449 1066 uiolator
465 1023 588 1066 camere
602 1011 709 1066 nostre
725 1005 865 1085 grauiter
880 1005 1038 1087 puniatur.
1115 999 1116 1002 '

272 1117 349 1190 (30)
371 1115 449 1178 ltem
465 1121 572 1176 contra
585 1115 717 1176 ludeum
732 1135 826 1196 super
838 1115 939 1178 causis
954 1116 1036 1178 inter
1046 1137 1080 1180 sc
1094 1115 1222 1190 exortis,

186 1224 344 1308 nusquam
360 1245 522 1308 persuum
537 1224 673 1286 iudicem
688 1224 719 1284 in
734 1225 851 1287 iudicio
866 1227 1057 1306 proceditur.

273 1339 352 1411 (31)
373 1336 542 1397 statuimus
559 1335 675 1408 eciam,
697 1336 781 1417 qnod
796 1336 822 1398 si
836 1336 932 1398 iudex
947 1337 1090 1409 ciuitatis,
1111 1337 1144 1398 in
1159 1356 1222 1419 qua

186 1449 276 1512 ludei
292 1455 462 1521 morantur,
475 1445 611 1509 noluerit
623 1447 751 1509 eosdem
767 1447 940 1510 secundnm
955 1455 1098 1510 tenorem
1112 1447 1222 1511 huius-

166 1581 171 1586 ·
186 1561 274 1622 modi
289 1557 388 1621 nostri
408 1557 563 1639 priuilegii
586 1556 743 1632 iudicare,
765 1559 822 1620 sed
838 1565 947 1620 contra
960 1565 1073 1622 statuta
1088 1578 1222 1622 consue-

187 1671 305 1734 tudinis
327 1677 359 1730 et
379 1667 555 1730 libertatum
578 1668 718 1749 ipsorum
742 1669 894 1732 hactenus
921 1670 1089 1733 obseruata
1111 1689 1221 1753 eggre-

185 1802 264 1844 uare
286 1779 437 1853 uoluerit,
458 1779 642 1860 prinsquam
663 1779 754 1842 nohis
775 1800 833 1860 per
854 1779 940 1861 ipsos
961 1781 1149 1854 innotuerit,
1169 1799 1221 1844 rc·

186 1899 363 1965 moueatur,
386 1897 417 1954 et
432 1891 509 1952 alius
526 1892 565 1952 de
580 1899 686 1954 nostra
701 1891 838 1953 sciencia
852 1893 1068 1955 constituatur.

271 2003 309 2066 Ut
330 2009 434 2064 antem
456 2002 515 2064 hec
537 2009 644 2064 nostra
667 2001 854 2065 constitucio
874 2011 1056 2084 perpetuam
1081 2001 1221 2068 obtineat

185 2113 382 2186 firmitatem,
404 2119 567 2194 presentes
588 2112 801 2174 concessimus
823 2113 947 2188 literas,
974 2112 1107 2194 duplicis
1127 2113 1220 2194 sigilli

186 2223 287 2286 nostri
307 2220 477 2285 munimine
497 2223 672 2284 roboratas,
704 2223 812 2284 datum
833 2241 915 2284 enno
938 2224 977 2284 ab
997 2223 1219 2286 incarnacione

186 2333 320 2398 MCCLl.
348 2353 449 2398 nonas
470 2320 663 2396 Decembris.
691 2333 781 2414 regni
803 2342 907 2396 autem
922 2331 1020 2398 nostri
1039 2353 1123 2397 anno
1138 2333 1221 2398 XVI.

528 2587 874 2608 &ww

411 2780 613 2864 astruunt
634 2779 736 2860 *utut
762 2775 1003 2860 sclavo-utu

626 2933 783 3025 IURA

101 3199 109 3206 ,
189 3112 353 3190 NOVAE
366 3106 637 3186 urvmnnls
657 3109 711 3181 ΙΝ
726 3105 914 3188 MONTE
927 3101 1223 3183 lABLANlCH

637 3262 769 3326 MCCLI.

443 3401 563 3456 llhucio
581 3402 611 3452 de
626 3417 707 3465 regno
724 3399 859 3453 Dalmatio
873 3401 919 3454 lv.
942 3401 966 3452 9.

603 3557 809 3569 m

272 3669 335 3728 Nos
350 3665 537 3746 Stephanus,
554 3665 657 3726 Banns
672 3661 771 3724 tocius
787 3659 965 3733 Solanonie,
978 3658 1125 3722 uolumus
1141 3657 1221 3722 scire

189 3777 365 3850 uniuersos,
386 3776 472 3856 quod
494 3794 551 3836 nos
576 3771 774 3836 considerata
795 3770 976 3833 tortitudine
993 3769 1108 3831 montis
1121 3767 1222 3832 lable-

188 3887 265 3951 nich
279 3896 310 3950 et
323 3887 467 3968 inspecta
487 3883 618 3948 utilitate
639 3883 795 3956 eiusdem,
818 3880 975 3944 collocare
997 3879 1142 3943 uolumus
1164 3898 1223 3942 no-

186 4002 264 4061 uam
285 3985 442 4060 ciuitatem
464 3996 504 4057 ad
520 3995 674 4058 honorem
696 3991 814 4056 domini
838 3991 921 4073 regis
943 3990 1104 4072 Hungerie
1126 4008 1223 4070 super

188 4109 313 4172 eodem.
334 4105 568 4188 populi'autem
590 4101 739 4168 Arbensis
761 4101 877 4176 insule,
905 4101 1007 4166 missis
1027 4097 1219 4162 solemnibus

187 4218 312 4287 nunciis
326 4219 401 4296 suis,
422 4215 571 4284 uidelicet
588 4215 693 4284 iudice
708 4215 836 4282 Andros
856 4214 896 4280 de
911 4213 1091 4299 Catopagna
1112 4214 1143 4274 ct
1155 4209 1219 4276 Do-
