2920 4758
435 1253 706 1340 otnsrfflln
730 1251 992 1337 romono!
1016 1249 1180 1336 ΚΒΜ

720 1439 879 1530 ΙΗΒΑ

298 1621 539 1691 vinolium
547 1621 1322 1690 rnnoronlconnnnneomnonn.

695 1763 920 1827 necxxvnl.

575 1931 599 1982 Fr
617 1929 745 1982 tetuinrio
767 1928 882 1982 eivitatie
896 1926 1009 1994 (inditas.

378 2219 412 2284 C.
423 2221 474 2284 dei
487 2221 594 2303 gracia
603 2220 814 2284 Bohemorum
828 2217 939 2302 regina
953 2217 1109 2282 uniuersis
1121 2217 1324 2283 cerisufide-
1451 2293 1452 2296 Ἴ

294 2331 377 2399 libus
391 2338 571 2414 presentem
585 2330 735 2413 paginam
746 2329 935 2412 inspecturis
950 2328 1085 2396 salutem
1100 2329 1134 2401 in
1148 2347 1227 2392 uero
1243 2326 1323 2392 saiu-

297 2443 367 2511 tari.

377 2554 486 2618 Sciunt
509 2561 673 2637 presentes
695 2563 728 2620 et
746 2554 881 2637 posteri,
903 2553 989 2638 quod
1014 2573 1085 2618 enm
1105 2553 1247 2618 uillicum
1268 2573 1323 2618 uo-

295 2675 393 2739 strum
414 2667 540 2730 Petrum
560 2666 645 2730 fures
667 2674 700 2733 et
719 2667 858 2730 latrones
882 2673 913 2728 et
934 2666 985 2728 aiii
999 2665 1134 2728 malefici
1145 2658 1326 2730 ¹interfecis-

295 2778 410 2841 sentin
426 2777 609 2862 Godingen,
631 2797 727 2859 super
737 2777 843 2860 regaie
859 2776 1015 2860 oiuileque
1028 2777 1078 2848 ius
1092 2785 1237 2841 nostrum
1252 2797 1325 2840 oon·

294 2889 477 2968 uooauimus
505 2891 592 2954 uiros
616 2889 767 2958 honestos
783 2886 1006 2962 Theotonieos,
1039 2895 1071 2950 et
1094 2888 1270 2952 locouiurus
1293 2889 1324 2951 iu

296 3001 422 3067 ennato
440 3009 547 3066 nostra
561 3001 615 3066 tali
629 3001 713 3064 iure:

377 3114 436 3188 (1)
458 3119 492 3176 ut
505 3111 583 3174 nulli
598 3112 737 3176 dominio
752 3109 868 3178 subditi
882 3117 1004 3185 essent,
1017 3129 1077 3193 nee
1091 3111 1146 3174 ulli
1160 3111 1324 3188 seruirent,

295 3222 355 3286 uisi
370 3221 465 3287 miehi
486 3229 518 3286 et
531 3220 603 3284 filiis
620 3220 708 3282 meis.

378 3335 434 3409 (Ξ)
457 3333 532 3396 item
546 3331 640 3394 telem
653 3339 842 3414 potestatem
856 3332 901 3396 eis
916 3333 1016 3396 eciam
1030 3333 1227 3412 tradidimus,
1242 3337 1323 3418 quod

295 3443 399 3508 nuilus
413 3444 511 3506 iudex
526 3441 739 3504 dominaretur
749 3442 805 3515 eis,
826 3442 887 3505 nisi
901 3443 960 3524 ipsi
976 3443 1151 3507 noi-unterie
1164 3445 1323 3528 eligerent.

379 3555 438 3630 (3)
460 3561 491 3616 et
505 3553 565 3616 heo
578 3553 646 3618 iure
660 3551 819 3615 censualia
833 3561 921 3616 sunt:
937 3553 1029 3615 XXX
1040 3555 1161 3618 denarii
1174 3556 1213 3618 de
1225 3555 1322 3630 laneo,

297 3668 337 3728 de
359 3663 486 3728 subside
509 3683 619 3746 agrum
641 3664 782 3747 habente
802 3664 860 3726 Xli
885 3663 1020 3739 denarii,
1043 3665 1082 3728 de
1102 3667 1229 3734 subside
1250 3687 1322 3749 agro

297 3782 425 3838 carente
439 3775 490 3837 vl.
511 3775 690 3858 quicunque
703 3775 885 3838 hrarauerit
899 3774 1104 3850 oereuisiam‚
1125 3777 1183 3838 XII
1198 3778 1238 3840 de
1253 3797 1323 3861 qua·
1443 3837 1444 3842 ,

295 3885 373 3952 libet
386 3887 590 3952 brexaeione.

377 3998 440 4075 (t)
461 3998 494 4062 iu
517 3998 571 4062 lite
595 4017 667 4062 eum
688 3997 798 4084 aliquis
820 4019 855 4065 se
877 4000 1079 4066 defendendo
1102 4001 1259 4086 aufugerit
1284 4003 1321 4066 ad
1441 3989 1444 4068 f

295 4111 456 4197 propriam
479 4109 623 4186 domum,
653 4111 680 4176 si
702 4111 839 4196 aliquem
861 4113 1029 4192 occiderit,
1049 4119 1175 4190 tenetur
1196 4116 1319 4186 mortuis
1441 4141 1443 4218 ;

298 4219 392 4294 ruem
406 4221 530 4314 eulpam
543 4221 679 4296 soluere.
