2924 4758
350 431 377 486 s.
390 432 543 487 mennam
564 437 654 488 mers
674 437 884 490 nemmem
904 439 995 491 coen
1015 441 1036 492 r.
1147 423 1208 492 alo

173 613 272 658 nemo
296 601 406 658 eorum
428 597 482 678 qui
503 596 602 660 libero
624 605 793 662 censentur
814 601 941 664 nomine
965 600 1111 684 cuiquam
1132 603 1208 684 quid

173 708 294 772 iniurie
306 708 412 772 facere
430 710 560 784 audeat,
582 719 737 773 terrorem
751 720 782 776 et
798 713 980 776 concionem
993 714 1208 796 imposuimus,

176 822 251 902 qnia
271 822 304 882 in
326 821 387 883 hoc
406 821 505 904 regali
527 821 661 884 concilio
684 825 848 887 decretum
870 833 934 900 est,
957 835 990 888 ut
1003 827 1028 889 si
1044 828 1114 908 quis
1128 827 1208 890 liber

176 933 372 995 connubium
386 933 498 996 ancille
513 932 641 996 alterius
656 934 774 998 sciente
790 936 916 998 domino
931 937 1044 1000 ancille
1065 937 1206 1021 elegerit,

175 1045 299 1126 perdita
313 1043 465 1108 libertatis
480 1064 536 1106 suc
551 1044 705 1108 industria
722 1055 896 1129 perpetuus
915 1048 1069 1112 efficiatur
1082 1071 1205 1114 seruus.

259 1157 361 1218 XXX.
403 1158 447 1219 Dc
472 1159 517 1219 bis
541 1160 592 1238 qui
617 1171 845 1240 concrepuernt
866 1164 1203 1242 sucafcpiuntuoeorea.

176 1268 214 1330 Ut
229 1289 329 1350 genus
344 1269 508 1351 utriusque
524 1289 618 1334 sexus
634 1279 719 1336 certa
737 1273 809 1355 lege
825 1281 856 1336 et
871 1273 989 1357 absque
1004 1275 1125 1338 iniuriis
1138 1295 1205 1338 ma-

174 1389 249 1444 neat
270 1387 301 1443 et
314 1381 435 1463 uigeat,
460 1382 492 1443 in
506 1381 567 1444 hoc
585 1384 865 1465 regule-decretum
881 1393 1029 1448 statutum
1045 1394 1110 1461 est,
1130 1395 1166 1449 ut
1179 1387 1205 1448 si

175 1494 247 1574 quis
262 1493 465 1573 proteruitale
487 1493 644 1574 preditus,
665 1504 794 1577 propter
809 1496 1079 1586 abominationem
1096 1500 1205 1561 uxoris

175 1606 309 1686 patriam
331 1605 492 1686 effugerit,
514 1625 594 1668 uxor
607 1617 719 1668 cuncta
733 1628 795 1688 que
815 1607 847 1667 in
862 1615 1016 1687 potestate
1030 1606 1134 1670 mariti
1147 1608 1204 1669 ha·

173 1717 340 1790 bebantnr,
362 1717 524 1799 possideat
537 1719 611 1780 dum
627 1717 704 1780 uelit
718 1727 900 1800 exspectare
915 1717 1034 1792 uirum,
1056 1725 1088 1782 et
1108 1738 1202 1780 nemo

172 1829 207 1892 iu
229 1830 313 1892 aliud
335 1829 514 1911 coniugium
538 1850 651 1912 cogere
673 1839 843 1912 presumat.
868 1838 901 1894 et
914 1829 940 1892 si
955 1837 1068 1912 sponte
1082 1831 1203 1894 nubere

173 1941 270 2016 uelit,
294 1942 386 2004 liceat
407 1942 516 2005 sumtis
538 1942 732 2006 uestimentis
754 1951 786 2004 ct
809 1943 944 2006 dimissis
973 1943 1085 2006 ceteris
1113 1943 1202 2005 bonis

173 2055 215 2116 ad
236 2054 428 2116 connubium
448 2053 505 2116 ire.
534 2061 565 2116 et
583 2053 609 2115 si
627 2054 676 2116 uir
689 2054 750 2115 hcc
765 2055 871 2117 audito
885 2055 1030 2130 redierit,
1056 2075 1096 2118 ne
1111 2055 1204 2120 liceat

172 2164 233 2226 sibi
249 2165 342 2226 aliam
358 2163 489 2238 ducere,
510 2165 570 2227 nisi
586 2186 657 2226 cum
671 2165 801 2229 licencia
816 2165 965 2247 episcopi.

259 2277 375 2340 XXXl.
418 2279 461 2339 Dc
473 2282 554 2358 furto
569 2279 734 2352 mulierum.
778 2278 856 2340 Cum
876 2278 972 2359 igitur
990 2278 1108 2341 cunctis
1127 2279 1203 2342 hot·

172 2390 308 2452 rendum
324 2397 355 2451 et
368 2390 514 2450 omnibus
529 2389 738 2450 abominabile
751 2390 810 2464 sit,
831 2389 953 2452 uirilem
969 2409 1080 2452 sexum
1095 2411 1202 2472 reper-

172 2509 237 2562 tum
258 2499 375 2562 lurtum
396 2501 526 2575 fecisse,
549 2508 580 2564 ct
594 2501 692 2582 magis
706 2503 870 2584 magisque
889 2502 1200 2578 salomoniacum,

173 2615 347 2676 secondum
372 2613 510 2695 regalem
535 2622 679 2676 senatum
703 2615 866 2678 decretum
892 2624 956 2690 est,
984 2624 1019 2678 ut
1043 2616 1069 2678 si
1094 2615 1201 2698 aliqua

173 2723 288 2786 mulier
308 2723 450 2786 maritata
469 2723 587 2786 fartum
610 2725 815 2798 commiserit,
845 2745 863 2787 a
886 2727 996 2789 marito
1018 2727 1201 2801 redimetur,

173 2843 205 2898 et
217 2835 245 2897 si
259 2836 399 2898 secundo
415 2835 549 2898 eandem
565 2836 687 2916 culpam
702 2836 854 2911 inciderit,
868 2837 1010 2901 similiter
1019 2838 1201 2912 redimetur,

173 2948 200 3008 si
215 2967 293 3009 uero
312 2946 421 3020 tercio,
445 2947 666 3009 uenrnndetur.

257 3059 388 3119 XXXll.
433 3059 477 3119 De
490 3059 633 3119 incendiis
647 3060 845 3120 mansionum.
888 3056 921 3119 Sl
936 3057 1006 3140 quis
1027 3078 1084 3140 per
1098 3057 1202 3121 inimi·

172 3171 268 3234 cicias
289 3171 418 3232 alterius
439 3169 561 3232 edificia
581 3171 655 3252 igne
677 3170 880 3244 cremauerit,
902 3170 1101 3234 decreuimus
1123 3179 1156 3234 ut
1169 3178 1203 3235 et

174 3283 300 3347 edificia
319 3281 477 3372 restituat,
500 3291 532 3344 et
544 3283 699 3364 quidquid
721 3281 944 3364 suppellectilis
966 3301 1072 3345 arsum
1089 3283 1201 3359 firerit,

174 3403 206 3458 et
220 3397 349 3475 insuper
363 3394 499 3456 sedecim
515 3393 677 3468 iuuencos,
699 3394 752 3475 qui
767 3393 874 3456 ualent
888 3395 943 3456 XL
958 3394 1085 3456 solidos.

257 3505 400 3568 XXXlll.
448 3507 492 3568 De
517 3508 624 3586 scripio.
676 3506 708 3566 Si
732 3525 796 3587 qua
820 3505 917 3588 striga
939 3503 1068 3568 inuenta
1091 3504 1202 3581 luerit,

173 3619 346 3682 secundum
362 3617 539 3680 iudicialem
555 3617 658 3699 legem
673 3618 806 3679 ducatur
820 3617 859 3678 ad
875 3616 1051 3690 ecclesiam,
1072 3624 1102 3678 et
1117 3635 1203 3678 ccm-

173 3731 342 3793 mendetur
365 3731 520 3792 sacerdoti
543 3731 583 3791 ad
603 3729 807 3792 ieiunandum
831 3729 991 3810 fidemque
1014 3728 1202 3790 docendum.

172 3850 246 3924 post
264 3841 417 3904 ieiunium
437 3861 513 3904 aero
530 3841 657 3904 domum
680 3841 800 3902 redeat.
828 3841 854 3901 si
877 3841 1016 3902 secundo
1037 3839 1070 3902 in
1088 3841 1203 3903 eodem

172 3955 301 4017 crimine
316 3953 507 4028 inuenietur,
529 3954 621 4016 simili
635 3952 752 4016 ieiunio
768 3952 948 4016 subiciatur.
969 3959 1041 4034 post
1053 3951 1203 4015 ieiunium

171 4085 251 4128 uero
265 4066 299 4128 in
313 4067 443 4128 modum
457 4065 569 4140 crucis,
589 4065 622 4126 in
636 4072 766 4148 pectore
782 4071 813 4128 et
827 4064 860 4127 in
874 4064 996 4137 fronte,
1017 4070 1111 4146 atque
1122 4063 1204 4124 inter

172 4177 316 4260 scapulas
329 4176 459 4242 incensa
471 4177 559 4240 clauc
575 4177 796 4255 ecclesiastica,
808 4178 937 4243 domum
952 4176 1071 4244 redeat
1085 4174 1112 4238 si
1124 4192 1202 4240 uero

172 4289 283 4371 tercio,
297 4289 452 4360 iudicibus
466 4291 617 4358 tradatur.
