2920 4758
367 359 496 410 taurana
519 359 552 408 rr.
574 358 664 408 naurs
686 357 851 408 nnonrruu
875 361 907 410 o.
952 339 1039 409 latr.
1158 339 1217 410 tas

184 518 356 602 presertim
377 519 451 600 qnia
472 518 553 580 inter
573 537 630 580 nos
653 526 684 580 et
704 538 759 581 eos
774 519 939 582 occasione
961 517 1020 580 hac
1035 518 1096 580 iam
1111 520 1217 600 sepius

185 631 226 692 ad
252 629 478 692 amaritudines
507 651 569 690 uon
599 629 737 690 modicas
766 636 813 690 est
841 649 1040 710 processum,
1070 630 1156 710 quod
1183 637 1218 692 ut

184 742 272 824 regia
286 739 530 804 honorificentia
549 740 671 822 plenius
688 750 903 814 conseruntur,
926 743 1074 804 conuenit
1089 742 1218 815 euitare,

184 853 247 917 hoo
269 853 351 914 enirn
373 871 430 932 per
445 851 547 916 nullos
564 851 641 914 alios
656 851 768 914 melius
783 851 818 914 fit
832 872 926 934 quam
941 873 1081 934 pernes,
1104 874 1217 916 conce-

185 965 288 1028 dimus
313 973 376 1027 tam
401 963 446 1026 eis
473 983 567 1044 quam
592 963 660 1025 aliis
685 964 923 1046 iobbagionihns
947 985 983 1028 ac
1008 965 1216 1028 seruientibus

183 1076 276 1156 regni
292 1071 390 1136 nostri
404 1074 579 1136 libertatem
595 1095 611 1134 u
627 1095 651 1138 s.
664 1095 738 1156 roge
755 1095 955 1149 concessam,
977 1095 1012 1138 ac
1027 1077 1087 1138 alia
1102 1078 1142 1138 ad
1155 1085 1218 1140 sta·

184 1193 251 1248 tum
266 1185 355 1267 regni
370 1185 468 1248 nostri
485 1186 695 1248 ordinandum
714 1187 923 1267 pertinencia,
943 1187 976 1248 in
988 1187 1073 1248 huno
1089 1188 1217 1250 modum

186 1297 420 1359 confirmamus.

268 1412 291 1472 l.
333 1411 368 1472 ln
390 1409 470 1472 festo
491 1431 516 1470 s.
531 1409 616 1492 regis
636 1409 751 1484 nostri,
773 1409 833 1472 uisi
855 1411 953 1471 arduo
973 1409 1105 1491 negocio
1128 1410 1219 1492 regni

185 1523 286 1585 nostri
305 1523 472 1604 ingruente
495 1521 545 1584 uel
567 1521 745 1583 infirmitate
770 1521 918 1602 prohibiti
940 1521 1110 1594 fuerimus,
1138 1523 1216 1584 Albe

186 1645 332 1698 tenemur
347 1614 569 1707 solemnizare,
590 1643 623 1694 ut
637 1634 680 1694 ibi
695 1634 836 1714 oppressi
852 1633 919 1694 sine
934 1634 1046 1694 timore
1059 1632 1218 1714 querimo-

185 1747 253 1808 nias
277 1765 348 1806 suas
371 1745 492 1825 possint
505 1763 682 1825 exponere.
715 1745 772 1806 sed
791 1745 818 1806 si
837 1764 894 1806 nos
909 1763 974 1806 non
989 1763 1155 1824 possumus
1169 1743 1217 1804 in-

184 1867 324 1929 teresse,
344 1855 499 1936 palatinus
522 1853 676 1916 interesse
699 1863 832 1928 tenetur,
856 1862 886 1916 et
902 1854 971 1916 uice
987 1863 1094 1916 nostru
1109 1873 1216 1916 causas

185 1967 301 2040 audiat,
316 1975 347 2029 et
361 1985 470 2029 omnes
485 1967 661 2030 seruientes
676 1965 785 2038 nostri,
800 1971 831 2026 et
845 1963 897 2025 alii
912 1964 967 2046 qui
982 1966 1105 2038 uolunt,
1117 1963 1216 2026 libero
1257 2043 1259 2047 Α

185 2090 218 2142 ct
232 2079 299 2140 sine
316 2078 427 2140 timore
443 2077 517 2140 illuc
532 2077 733 2138 conueniant.
1063 2077 1066 2084 '
1200 2069 1202 2074 ’

268 2191 304 2250 ll.
347 2189 460 2255 Prolati
476 2189 680 2250 ecclesiarum
696 2196 727 2250 et
738 2188 967 2270 archiepiscopi
980 2195 1010 2248 et
1023 2188 1162 2268 episcopi
1178 2189 1216 2253 ad

184 2321 360 2383 pauperum
376 2300 604 2382 querimoniam
620 2299 818 2372 audiendam,
834 2307 865 2360 et
879 2298 1011 2358 infracto
1027 2297 1108 2358 lortc
1123 2298 1217 2359 libcr-

183 2415 253 2476 tatis
277 2411 568 2488 confirmacionem,
597 2411 657 2472 nisi
682 2401 831 2504 canonicp
855 2410 1079 2492 propedicioue
1100 2409 1218 2488 fuerint

182 2523 342 2606 impediti,
363 2531 511 2588 tenentur
524 2524 688 2586 interesse.

268 2637 319 2698 lll.
363 2637 394 2698 Si
407 2636 561 2717 palatinus
576 2635 699 2696 interim
715 2635 796 2698 male
808 2636 1073 2700 administrauerit
1085 2637 1219 2719 negocia

181 2750 269 2832 regis
290 2757 322 2811 et
342 2749 447 2830 regni,
476 2745 696 2828 supplicabunt
716 2747 805 2810 nohis
825 2757 860 2810 ut
881 2748 1036 2810 utiliorem
1058 2750 1128 2812 loco
1148 2749 1214 2810 eius

183 2860 430 2932 constituamus,
452 2877 547 2939 quem
567 2857 728 2931 uolumuS,
752 2865 783 2920 et
800 2877 857 2918 nos
873 2857 1018 2940 precibus
1034 2879 1144 2922 eorum
1160 2879 1215 2920 an-

183 2992 331 3034 nuemus.

269 3083 321 3143 IV.
363 3082 512 3144 Uolumus
528 3083 612 3164 qnod
626 3101 686 3143 nec
700 3101 759 3142 nos
774 3101 834 3143 nec
849 3081 968 3162 posteri
982 3081 1079 3143 nostri
1094 3081 1215 3163 aliquos
1242 3078 1243 3082 ’

184 3213 325 3275 unquam
342 3193 468 3275 capiant
483 3193 533 3254 uel
549 3195 727 3268 destruant,
749 3193 809 3254 nisi
826 3191 911 3274 prius
927 3194 1037 3256 ordine
1052 3193 1216 3256 iudiciario

186 3305 425 3368 conueniantur.

219 3477 223 3483 .
272 3416 309 3478 V.
350 3418 475 3478 Etcum
497 3417 556 3478 ista
578 3423 775 3480 sacramento
790 3425 900 3481 nostro
916 3426 948 3479 et
967 3417 1146 3500 principum
1160 3438 1218 3480 no-

186 3539 322 3590 strorum
345 3528 463 3590 fuerint
481 3527 681 3604 confirmata,
711 3529 810 3610 siqui
832 3550 889 3609 per
911 3549 969 3591 nos
992 3529 1044 3590 uel
1068 3549 1122 3610 per
1136 3529 1217 3592 filios

186 3649 330 3712 nostros,
355 3639 406 3700 uel
427 3659 485 3720 per
506 3659 712 3720 quoscunque
736 3648 806 3718 post
825 3639 910 3700 idem
935 3647 1073 3720 tempus,
1099 3639 1217 3702 scilicet

187 3749 283 3812 xvu.
305 3769 422 3812 annum
444 3750 532 3831 regni
550 3750 649 3812 nostri
663 3751 731 3814 sine
744 3749 859 3812 iudicio
875 3758 947 3812 sunt
961 3749 1102 3832 spoliati,
1124 3751 1215 3832 plene

186 3861 400 3924 restituantur.

268 3971 320 4032 Vl.
361 3971 440 4034 Item
461 3970 580 4034 nnllam
603 3969 781 4044 collectam,
802 3970 920 4034 nullam
943 3972 1138 4034 exactionem
1157 3990 1216 4032 nec

186 4085 307 4148 lucrum
325 4103 466 4158 camere,
488 4102 677 4165 quocunque
698 4101 831 4146 numero
850 4084 949 4164 possit
964 4085 1103 4157 censeri,
1126 4101 1217 4144 occa·

186 4196 275 4268 sicne
296 4194 402 4282 aliqua
417 4214 512 4282 snper
525 4195 669 4287 homines
688 4196 901 4282 cuiuscunque
915 4195 1057 4260 nacionis
1072 4194 1125 4258 uel
1140 4212 1214 4258 con·
