2978 4754
258 399 321 470 'tid
582 415 766 469 murrea
792 415 835 464 nr
855 415 966 466 rems.

260 575 394 640 clericus
415 573 484 638 eius
498 573 572 638 uina
586 591 665 636 uoce
680 572 823 636 ediceret
834 571 942 652 umis,
962 589 1022 635 nos
1035 570 1069 632 in
1082 568 1218 652 registro
1232 587 1290 634 no·

261 696 326 750 stro
352 705 410 768 pro
435 695 503 750 rato
528 683 749 748 scriberemus.
782 682 917 746 monast
940 689 1045 744 autem
1068 680 1102 745 iu
1126 681 1290 762 presencia

260 798 424 878 utriusque
449 797 547 878 partis
572 796 721 868 asseruit,
753 795 987 876 prenominatos
1011 793 1093 862 tilios
1118 793 1248 856 Chenka
1271 813 1290 854 a

259 909 484 992 prenominatis
504 907 580 970 titiis
597 909 694 970 Natus
713 925 830 968 nouem
847 906 954 988 ,capita
975 904 1137 968 hominnm
1156 905 1291 986 requisi-

260 1019 361 1092 urso,
390 1018 537 1080 urnerreer
554 1016 664 1080 renen
684 1035 756 1078 cum
778 1016 899 1084 enom
920 999 1146 1089 ruinosos,
1171 1015 1291 1080 critices

256 1131 346 1192 Beda
360 1137 392 1190 et
404 1129 481 1201 doz,
503 1138 534 1192 et
548 1128 622 1190 item
636 1129 739 1192 lacum
754 1146 823 1200 cum
839 1127 971 1200 duabus,
992 1127 1245 1192 sciticet.Ctroma
1258 1137 1291 1201 et

261 1238 435 1312 Michaete,
457 1239 611 1320 Tnmpam
631 1257 759 1320 quoque
774 1257 844 1300 cum
857 1237 922 1302 titia
935 1255 1009 1312 sun,
1029 1237 1149 1300 scilicet
1162 1238 1245 1304 Mica
1258 1246 1291 1302 et
1400 1237 1402 1242 ’

261 1349 413 1422 Penteca,
434 1359 466 1412 et
487 1367 559 1410 cum
579 1367 672 1413 causa
693 1367 804 1412 eornm
826 1349 866 1413 ad
880 1367 1014 1413 examen
1030 1349 1106 1412 ferri
1127 1349 1291 1412 medentis

262 1481 280 1524 a
294 1461 512 1543 prenominato
526 1459 630 1522 iudice
644 1479 702 1541 per
713 1460 898 1541 pristatdum
912 1461 1040 1522 nomine
1050 1460 1156 1529 Micon
1168 1461 1208 1522 de
1217 1459 1292 1538 uitta

262 1569 430 1634 Gundurus
443 1572 476 1632 in
491 1571 642 1652 parochia
655 1567 758 1634 Beises
778 1571 890 1634 inisset
902 1571 1028 1652 Agrium
1043 1572 1216 1643 destinate,
1236 1569 1292 1632 filii

261 1686 363 1745 Nacus
376 1684 498 1764 seipsos
511 1689 791 1762 recognoscentes,
811 1681 930 1747 Simoni
947 1691 978 1746 et
990 1681 1080 1744 fratri
1095 1681 1164 1744 cius
1178 1681 1292 1747 Undae

261 1815 296 1857 se
314 1794 484 1874 ccdpabites
506 1794 728 1856 reddidissent
750 1793 793 1854 illi
811 1803 916 1856 autern
932 1792 1062 1858 consilio
1082 1801 1114 1859 et
1133 1793 1291 1875 peticione

261 1905 433 1988 proborum
455 1903 616 1968 hominum
631 1904 750 1966 inducti
765 1913 796 1966 et
810 1905 963 1979 inclinati,
985 1924 1079 1966 unam
1093 1902 1237 1966 ancillam
1252 1904 1292 1966 de

260 2017 316 2094 IX.
330 2017 494 2098 capitibus,
508 2015 628 2082 scitieer
640 2017 821 2090 Pentekam,
834 2015 965 2098 prefatis
980 2037 1090 2080 eorum
1104 2017 1292 2080 aduersariis

263 2127 468 2201 dimisissent,
489 2127 619 2208 reliquis
638 2127 671 2188 in
685 2128 734 2188 ius
750 2147 859 2190 eornm
874 2127 1042 2200 deuolutis.

344 2237 429 2320 (att)
451 2237 549 2302 Cesar
559 2240 703 2320 princeps
719 2238 874 2311 exercitus
886 2239 926 2300 de
937 2239 1048 2312 Belres,
1062 2239 1184 2314 Petrus,
1197 2239 1293 2313 Beda,

262 2349 340 2426 Use,
362 2348 543 2424 Tiburcins,
564 2348 776 2422 Laureocius,
804 2349 936 2422 Paulus,
958 2349 1060 2432 Geysa
1082 2349 1293 2423 centuriones,
1324 2326 1330 2342 ’

243 2461 464 2548 xlitigauerunt
477 2481 535 2542 pro
545 2461 683 2542 quadam
698 2471 781 2524 terra
795 2462 922 2524 nomine
934 2460 1063 2524 Kechen
1077 2481 1148 2527 cum
1158 2462 1293 2524 martino

174 2575 181 2587 ’
261 2573 327 2656 titio
352 2571 465 2646 Misca,
496 2591 601 2636 coram
621 2571 767 2639 Ladisleo
796 2573 910 2637 consite
936 2572 1104 2638 Bachiensi
1134 2583 1166 2636 et
1186 2574 1300 2637 iudice.

145 2743 146 2759 ,
262 2684 366 2758 curie,
381 2683 522 2745 dicentes
536 2691 652 2746 terram
663 2683 793 2746 chhen
809 2703 879 2747 esse
895 2692 1011 2748 terrum
1024 2685 1118 2748 castri
1129 2686 1168 2747 de
1179 2685 1291 2749 netes.-

261 2795 412 2862 Martiuus
433 2803 536 2858 autem
552 2796 714 2876 respondit
729 2815 798 2859 earn
814 2816 884 2860 esse
900 2805 1015 2860 terram
1031 2815 1121 2860 suam
1134 2797 1293 2860 heredita·-

261 2907 357 2981 nam,
385 2905 543 2969 affirmans
568 2890 658 2988 quod
677 2907 811 2971 eandem
834 2914 948 2976 terram
970 2917 1186 2988 antecessores
1207 2909 1293 2990 ipso-
1329 2905 1332 2911 ’

262 3039 347 3092 rum,
367 3019 486 3080 seitieet
501 3017 599 3092 chat,
614 3017 746 3092 Sicund,
768 3020 925 3102 Isumgut,
939 3021 1035 3093 Buus,
1050 3030 1083 3084 et
1094 3020 1208 3102 reliqui
1221 3039 1293 3082 eum

262 3131 383 3193 ciuibus
399 3131 540 3192 eiusdem
556 3129 665 3203 castri,
687 3149 706 3192 a
720 3137 809 3211 patre
824 3149 882 3192 suo
897 3131 1009 3213 Mysus
1021 3141 1054 3196 et
1067 3131 1209 3214 cognatis
1224 3133 1292 3194 eius

262 3261 368 3304 coram
381 3241 480 3324 Gyuie
497 3242 609 3304 comite
624 3241 761 3322 palatino
774 3262 832 3323 pro
844 3251 929 3304 terre
939 3245 1032 3306 castri
1042 3243 1293 3326 requisiuisseut,

262 3361 294 3414 et
306 3352 422 3414 iudicio
437 3352 514 3412 terri
528 3351 836 3439 candentisKOrodiui
850 3352 984 3416 fuissent
999 3355 1208 3430 condemnati,
1226 3373 1293 3418 ure·

264 3461 369 3524 diante
391 3461 543 3542 pristaldo
566 3461 692 3522 nomine
707 3462 795 3524 Eusii
816 3461 883 3526 filio
896 3461 964 3524 Elio
988 3465 1028 3526 de
1050 3463 1125 3528 uilia
1138 3466 1241 3537 Dran,
1261 3470 1294 3526 et

261 3573 322 3636 hoc
337 3573 474 3635 ostendit
487 3551 859 3644 testimonialibussliteris
871 3574 1055 3646 Orodiensis
1067 3576 1206 3658 capituti.
1223 3577 1294 3658 qni·
1410 3638 1412 3644 .

261 3687 320 3752 bus
341 3704 413 3746 cum
434 3684 645 3767 prenominati
666 3687 839 3748 aduersarii
860 3687 1005 3757 eiusdem
1022 3687 1293 3772 Martiuicontro·

263 3793 370 3860 dicere
391 3817 455 3858 non
477 3798 646 3871 auderent,
673 3797 812 3880 prefatus
832 3798 930 3860 iudex
946 3797 1033 3880 ipsos
1055 3799 1293 3872 condemnauit,
1379 3841 1384 3852 ·
1464 3781 1466 3792 ¹

261 3918 294 3974 et
307 3918 341 3975 ut
353 3887 447 3972 huius
462 3928 556 3972 cause
571 3908 673 3972 exitus
687 3907 865 3972 indelebilis
880 3910 1008 3984 existat,
1022 3917 1198 4001 'utramque
1222 3895 1293 3992 pars-

260 4030 325 4101 tetit
346 4023 386 4084 ad
406 4041 475 4096 nos,
495 4041 554 4103 per
574 4019 760 4102 pristaldurn
780 4019 908 4084 nomine
922 4022 1052 4104 Meuget
1068 4021 1170 4098 fitium
1186 4021 1293 4084 Cochu

177 4220 180 4226 1
263 4126 302 4198 de
318 4153 437 4216 genere
448 4135 505 4197 Tet
516 4132 704 4197 Uaradinum
719 4132 903 4207 destinauit,
918 4141 949 4198 ct
960 4134 1183 4227 escensionem
1195 4153 1293 4200 curse
