<?xml version="1.0" encoding="UTF-8"?>
<!DOCTYPE html PUBLIC "-//W3C//DTD XHTML 1.0 Transitional//EN"
    "http://www.w3.org/TR/xhtml1/DTD/xhtml1-transitional.dtd">
<html xmlns="http://www.w3.org/1999/xhtml" xml:lang="en" lang="en">
 <head>
  <title>
</title>
<meta http-equiv="Content-Type" content="text/html;charset=utf-8" />
  <meta name='ocr-system' content='tesseract 3.04.00' />
  <meta name='ocr-capabilities' content='ocr_page ocr_carea ocr_par ocr_line ocrx_word'/>
</head>
<body>
  <div class='ocr_page' id='page_1' title='image "./rerumhungaricar01endlgoog_0356.png"; bbox 0 0 3048 4760; ppageno 0'>
   <div class='ocr_carea' id='block_1_1' title="bbox 251 351 1185 428">
    <p class='ocr_par' dir='ltr' id='par_1_1' title="bbox 251 351 1185 428">
     <span class='ocr_line' id='line_1_1' title="bbox 251 351 1185 428; baseline -0.01 -1"><span class='ocrx_word' id='word_1_1' title='bbox 251 361 313 428; x_wconf 78' lang='lat'>638</span> <span class='ocrx_word' id='word_1_2' title='bbox 354 379 613 427; x_wconf 75' lang='lat' dir='ltr'>consuranorum</span> <span class='ocrx_word' id='word_1_3' title='bbox 627 377 842 426; x_wconf 74' lang='lat' dir='ltr'>runarorou</span> <span class='ocrx_word' id='word_1_4' title='bbox 857 378 899 426; x_wconf 84' lang='lat' dir='ltr'>rr</span> <span class='ocrx_word' id='word_1_5' title='bbox 912 375 1071 424; x_wconf 76' lang='lat' dir='ltr'>romanu.</span> <span class='ocrx_word' id='word_1_6' title='bbox 1094 351 1185 420; x_wconf 78' lang='lat' dir='ltr'>meo.</span> 
     </span>
    </p>
   </div>
   <div class='ocr_carea' id='block_1_2' title="bbox 252 529 1285 4300">
    <p class='ocr_par' dir='ltr' id='par_1_2' title="bbox 252 529 1278 726">
     <span class='ocr_line' id='line_1_2' title="bbox 252 529 1278 617; baseline -0.005 -21"><span class='ocrx_word' id='word_1_7' title='bbox 252 533 380 596; x_wconf 88' lang='lat' dir='ltr'>domino</span> <span class='ocrx_word' id='word_1_8' title='bbox 399 534 470 617; x_wconf 80' lang='lat' dir='ltr'>regi</span> <span class='ocrx_word' id='word_1_9' title='bbox 486 534 671 608; x_wconf 87' lang='lat' dir='ltr'>constiterit,</span> <span class='ocrx_word' id='word_1_10' title='bbox 693 531 772 597; x_wconf 89' lang='lat' dir='ltr'>tales</span> <span class='ocrx_word' id='word_1_11' title='bbox 788 533 992 616; x_wconf 78' lang='lat' dir='ltr'>depressores</span> <span class='ocrx_word' id='word_1_12' title='bbox 1005 529 1156 613; x_wconf 73' lang='lat' dir='ltr'>persequi</span> <span class='ocrx_word' id='word_1_13' title='bbox 1170 537 1278 592; x_wconf 81' lang='lat' dir='ltr'>tonea-</span> 
     </span>
     <span class='ocr_line' id='line_1_3' title="bbox 252 645 750 726; baseline 0 -20"><span class='ocrx_word' id='word_1_14' title='bbox 252 651 312 718; x_wconf 89' lang='lat' dir='ltr'>tur‚</span> <span class='ocrx_word' id='word_1_15' title='bbox 334 647 425 726; x_wconf 84' lang='lat' dir='ltr'>digna</span> <span class='ocrx_word' id='word_1_16' title='bbox 441 646 566 710; x_wconf 83' lang='lat' dir='ltr'>ulcione</span> <span class='ocrx_word' id='word_1_17' title='bbox 580 645 750 708; x_wconf 82' lang='lat' dir='ltr'>feriendos.</span> 
     </span>
    </p>

    <p class='ocr_par' dir='ltr' id='par_1_3' title="bbox 252 751 1282 1283">
     <span class='ocr_line' id='line_1_4' title="bbox 336 751 1282 838; baseline -0.006 -19"><span class='ocrx_word' id='word_1_18' title='bbox 336 753 404 837; x_wconf 73' lang='grc'>(28)</span> <span class='ocrx_word' id='word_1_19' title='bbox 425 757 594 820; x_wconf 88' lang='lat' dir='ltr'>Statuimus</span> <span class='ocrx_word' id='word_1_20' title='bbox 619 757 733 829; x_wconf 87' lang='lat' dir='ltr'>eciam,</span> <span class='ocrx_word' id='word_1_21' title='bbox 762 756 847 838; x_wconf 90' lang='lat' dir='ltr'>quod</span> <span class='ocrx_word' id='word_1_22' title='bbox 870 755 966 818; x_wconf 84' lang='lat' dir='ltr'>iudex</span> <span class='ocrx_word' id='word_1_23' title='bbox 988 754 1075 819; x_wconf 86' lang='lat' dir='ltr'>curie</span> <span class='ocrx_word' id='word_1_24' title='bbox 1096 751 1201 836; x_wconf 82' lang='lat' dir='ltr'>regie,</span> <span class='ocrx_word' id='word_1_25' title='bbox 1228 751 1282 814; x_wconf 87' lang='lat' dir='ltr'>uel</span> 
     </span>
     <span class='ocr_line' id='line_1_5' title="bbox 253 865 1282 950; baseline -0.006 -20"><span class='ocrx_word' id='word_1_26' title='bbox 253 868 305 930; x_wconf 90' lang='lat' dir='ltr'>alii</span> <span class='ocrx_word' id='word_1_27' title='bbox 329 869 507 950; x_wconf 84' lang='lat' dir='ltr'>quicunque</span> <span class='ocrx_word' id='word_1_28' title='bbox 531 869 663 942; x_wconf 87' lang='lat' dir='ltr'>iudices,</span> <span class='ocrx_word' id='word_1_29' title='bbox 690 867 828 932; x_wconf 88' lang='lat' dir='ltr'>nobilem</span> <span class='ocrx_word' id='word_1_30' title='bbox 852 868 989 949; x_wconf 77' lang='lat' dir='ltr'>aliquem</span> <span class='ocrx_word' id='word_1_31' title='bbox 1011 865 1282 948; x_wconf 88' lang='lat' dir='ltr'>possessiouatum</span> 
     </span>
     <span class='ocr_line' id='line_1_6' title="bbox 252 979 1282 1061; baseline -0.006 -19"><span class='ocrx_word' id='word_1_32' title='bbox 252 979 380 1042; x_wconf 90' lang='lat' dir='ltr'>racione</span> <span class='ocrx_word' id='word_1_33' title='bbox 401 979 506 1042; x_wconf 91' lang='lat' dir='ltr'>iudicii</span> <span class='ocrx_word' id='word_1_34' title='bbox 526 981 578 1042; x_wconf 89' lang='lat' dir='ltr'>uel</span> <span class='ocrx_word' id='word_1_35' title='bbox 604 979 789 1042; x_wconf 87' lang='lat' dir='ltr'>iudiciorum</span> <span class='ocrx_word' id='word_1_36' title='bbox 815 979 974 1061; x_wconf 86' lang='lat' dir='ltr'>oaptioare</span> <span class='ocrx_word' id='word_1_37' title='bbox 1001 997 1066 1040; x_wconf 90' lang='lat' dir='ltr'>nou</span> <span class='ocrx_word' id='word_1_38' title='bbox 1090 981 1282 1058; x_wconf 82' lang='lat' dir='ltr'>presumunt.</span> 
     </span>
     <span class='ocr_line' id='line_1_7' title="bbox 253 1087 1282 1173; baseline -0.004 -19"><span class='ocrx_word' id='word_1_39' title='bbox 253 1093 340 1173; x_wconf 89' lang='lat' dir='ltr'>qood</span> <span class='ocrx_word' id='word_1_40' title='bbox 359 1091 386 1153; x_wconf 89' lang='lat' dir='ltr'>si</span> <span class='ocrx_word' id='word_1_41' title='bbox 400 1091 548 1166; x_wconf 83' lang='lat' dir='ltr'>feceriut,</span> <span class='ocrx_word' id='word_1_42' title='bbox 569 1092 691 1154; x_wconf 88' lang='lat' dir='ltr'>honore</span> <span class='ocrx_word' id='word_1_43' title='bbox 704 1089 756 1154; x_wconf 91' lang='lat' dir='ltr'>uel</span> <span class='ocrx_word' id='word_1_44' title='bbox 770 1091 907 1154; x_wconf 87' lang='lat' dir='ltr'>iudicatu</span> <span class='ocrx_word' id='word_1_45' title='bbox 922 1109 986 1173; x_wconf 93' lang='lat' dir='ltr'>quo</span> <span class='ocrx_word' id='word_1_46' title='bbox 1001 1088 1185 1170; x_wconf 81' lang='lat' dir='ltr'>funguutur,</span> <span class='ocrx_word' id='word_1_47' title='bbox 1211 1087 1282 1168; x_wconf 89' lang='lat' dir='ltr'>ipso</span> 
     </span>
     <span class='ocr_line' id='line_1_8' title="bbox 253 1202 551 1283; baseline -0.003 -19"><span class='ocrx_word' id='word_1_48' title='bbox 253 1202 336 1264; x_wconf 83' lang='lat' dir='ltr'>lacto</span> <span class='ocrx_word' id='word_1_49' title='bbox 350 1203 411 1266; x_wconf 92' lang='lat' dir='ltr'>sint</span> <span class='ocrx_word' id='word_1_50' title='bbox 425 1203 551 1283; x_wconf 84' lang='lat' dir='ltr'>priuati.</span> 
     </span>
    </p>

    <p class='ocr_par' dir='ltr' id='par_1_4' title="bbox 253 1309 1283 1842">
     <span class='ocr_line' id='line_1_9' title="bbox 336 1309 1282 1397; baseline -0.004 -23"><span class='ocrx_word' id='word_1_51' title='bbox 336 1312 403 1396; x_wconf 69' lang='lat'>(29)</span> <span class='ocrx_word' id='word_1_52' title='bbox 425 1315 595 1378; x_wconf 80' lang='lat' dir='ltr'>statuimus</span> <span class='ocrx_word' id='word_1_53' title='bbox 616 1313 716 1378; x_wconf 88' lang='lat' dir='ltr'>eciam</span> <span class='ocrx_word' id='word_1_54' title='bbox 731 1311 816 1397; x_wconf 84' lang='lat' dir='ltr'>quod</span> <span class='ocrx_word' id='word_1_55' title='bbox 831 1312 989 1376; x_wconf 87' lang='lat' dir='ltr'>Palatinus</span> <span class='ocrx_word' id='word_1_56' title='bbox 1012 1319 1114 1374; x_wconf 83' lang='lat' dir='ltr'>castra</span> <span class='ocrx_word' id='word_1_57' title='bbox 1133 1309 1282 1380; x_wconf 85' lang='lat' dir='ltr'>tenendo,</span> 
     </span>
     <span class='ocr_line' id='line_1_10' title="bbox 253 1420 1283 1508; baseline -0.004 -20"><span class='ocrx_word' id='word_1_58' title='bbox 253 1427 285 1489; x_wconf 90' lang='lat' dir='ltr'>in</span> <span class='ocrx_word' id='word_1_59' title='bbox 307 1427 425 1508; x_wconf 89' lang='lat' dir='ltr'>campis</span> <span class='ocrx_word' id='word_1_60' title='bbox 446 1433 478 1488; x_wconf 89' lang='lat' dir='ltr'>ot</span> <span class='ocrx_word' id='word_1_61' title='bbox 496 1427 714 1500; x_wconf 86' lang='lat' dir='ltr'>conuentibus,</span> <span class='ocrx_word' id='word_1_62' title='bbox 742 1435 773 1490; x_wconf 88' lang='lat' dir='ltr'>et</span> <span class='ocrx_word' id='word_1_63' title='bbox 792 1447 855 1488; x_wconf 92' lang='lat' dir='ltr'>non</span> <span class='ocrx_word' id='word_1_64' title='bbox 876 1427 908 1488; x_wconf 93' lang='lat' dir='ltr'>in</span> <span class='ocrx_word' id='word_1_65' title='bbox 932 1424 1013 1487; x_wconf 92' lang='lat' dir='ltr'>uillis</span> <span class='ocrx_word' id='word_1_66' title='bbox 1032 1423 1084 1486; x_wconf 90' lang='lat' dir='ltr'>uel</span> <span class='ocrx_word' id='word_1_67' title='bbox 1103 1420 1283 1486; x_wconf 88' lang='lat' dir='ltr'>ciuitatibus</span> 
     </span>
     <span class='ocr_line' id='line_1_11' title="bbox 253 1535 1282 1613; baseline -0.005 -13"><span class='ocrx_word' id='word_1_68' title='bbox 253 1540 392 1602; x_wconf 89' lang='lat' dir='ltr'>iudicare</span> <span class='ocrx_word' id='word_1_69' title='bbox 417 1539 545 1612; x_wconf 87' lang='lat' dir='ltr'>debeat,</span> <span class='ocrx_word' id='word_1_70' title='bbox 575 1539 714 1613; x_wconf 84' lang='lat' dir='ltr'>uernali,</span> <span class='ocrx_word' id='word_1_71' title='bbox 741 1538 864 1602; x_wconf 90' lang='lat' dir='ltr'>estiuali</span> <span class='ocrx_word' id='word_1_72' title='bbox 888 1545 921 1600; x_wconf 86' lang='lat' dir='ltr'>et</span> <span class='ocrx_word' id='word_1_73' title='bbox 945 1535 1131 1610; x_wconf 71' lang='lat' dir='ltr'>autumnali,</span> <span class='ocrx_word' id='word_1_74' title='bbox 1160 1543 1193 1598; x_wconf 85' lang='lat' dir='ltr'>ct</span> <span class='ocrx_word' id='word_1_75' title='bbox 1215 1553 1282 1596; x_wconf 88' lang='lat' dir='ltr'>non</span> 
     </span>
     <span class='ocr_line' id='line_1_12' title="bbox 253 1641 1280 1734; baseline -0.005 -22"><span class='ocrx_word' id='word_1_76' title='bbox 253 1650 413 1732; x_wconf 86' lang='lat' dir='ltr'>hyemali.</span> <span class='ocrx_word' id='word_1_77' title='bbox 429 1695 437 1711; x_wconf 90' lang='lat'><strong>.</strong></span> <span class='ocrx_word' id='word_1_78' title='bbox 453 1695 461 1710; x_wconf 90' lang='lat'><strong>.</strong></span> <span class='ocrx_word' id='word_1_79' title='bbox 526 1695 534 1710; x_wconf 92' lang='lat'>.</span> <span class='ocrx_word' id='word_1_80' title='bbox 551 1693 558 1710; x_wconf 90' lang='lat'><strong>.</strong></span> <span class='ocrx_word' id='word_1_81' title='bbox 574 1695 581 1711; x_wconf 90' lang='lat'><strong>.</strong></span> <span class='ocrx_word' id='word_1_82' title='bbox 597 1657 677 1713; x_wconf 85' lang='lat' dir='ltr'>etun</span> <span class='ocrx_word' id='word_1_83' title='bbox 702 1659 733 1713; x_wconf 88' lang='lat' dir='ltr'>ot</span> <span class='ocrx_word' id='word_1_84' title='bbox 747 1651 832 1734; x_wconf 88' lang='lat' dir='ltr'>quod</span> <span class='ocrx_word' id='word_1_85' title='bbox 846 1648 979 1713; x_wconf 86' lang='lat' dir='ltr'>ulterius</span> <span class='ocrx_word' id='word_1_86' title='bbox 993 1649 1033 1714; x_wconf 88' lang='lat' dir='ltr'>ad</span> <span class='ocrx_word' id='word_1_87' title='bbox 1055 1649 1133 1710; x_wconf 91' lang='lat' dir='ltr'>alios</span> <span class='ocrx_word' id='word_1_88' title='bbox 1148 1641 1280 1715; x_wconf 76' lang='lat' dir='ltr'>consur-</span> 
     </span>
     <span class='ocr_line' id='line_1_13' title="bbox 254 1761 820 1842; baseline 0 -20"><span class='ocrx_word' id='word_1_89' title='bbox 254 1779 345 1842; x_wconf 81' lang='lat' dir='ltr'>gere,</span> <span class='ocrx_word' id='word_1_90' title='bbox 367 1761 467 1822; x_wconf 90' lang='lat' dir='ltr'>eciam</span> <span class='ocrx_word' id='word_1_91' title='bbox 481 1781 544 1822; x_wconf 93' lang='lat' dir='ltr'>uon</span> <span class='ocrx_word' id='word_1_92' title='bbox 559 1761 657 1842; x_wconf 90' lang='lat' dir='ltr'>possit</span> <span class='ocrx_word' id='word_1_93' title='bbox 671 1761 820 1824; x_wconf 89' lang='lat' dir='ltr'>bonores.</span> 
     </span>
    </p>

    <p class='ocr_par' dir='ltr' id='par_1_5' title="bbox 253 1869 1284 2407">
     <span class='ocr_line' id='line_1_14' title="bbox 340 1869 1283 1956; baseline 0.002 -24"><span class='ocrx_word' id='word_1_94' title='bbox 340 1869 406 1952; x_wconf 90' lang='grc'>(30)</span> <span class='ocrx_word' id='word_1_95' title='bbox 428 1872 597 1936; x_wconf 76' lang='lat' dir='ltr'>statuimus</span> <span class='ocrx_word' id='word_1_96' title='bbox 616 1873 718 1936; x_wconf 87' lang='lat' dir='ltr'>eciam</span> <span class='ocrx_word' id='word_1_97' title='bbox 731 1884 767 1938; x_wconf 89' lang='lat' dir='ltr'>ut</span> <span class='ocrx_word' id='word_1_98' title='bbox 782 1895 838 1956; x_wconf 89' lang='lat' dir='ltr'>per</span> <span class='ocrx_word' id='word_1_99' title='bbox 852 1881 952 1937; x_wconf 90' lang='lat' dir='ltr'>totum</span> <span class='ocrx_word' id='word_1_100' title='bbox 965 1891 1098 1956; x_wconf 83' lang='lat' dir='ltr'>regnum</span> <span class='ocrx_word' id='word_1_101' title='bbox 1113 1889 1178 1934; x_wconf 86' lang='lat' dir='ltr'>uua</span> <span class='ocrx_word' id='word_1_102' title='bbox 1191 1890 1283 1953; x_wconf 78' lang='lat' dir='ltr'>rega-</span> 
     </span>
     <span class='ocr_line' id='line_1_15' title="bbox 253 1983 1284 2068; baseline -0.001 -22"><span class='ocrx_word' id='word_1_103' title='bbox 253 1984 292 2046; x_wconf 92' lang='lat' dir='ltr'>lis</span> <span class='ocrx_word' id='word_1_104' title='bbox 313 1992 345 2046; x_wconf 88' lang='lat' dir='ltr'>et</span> <span class='ocrx_word' id='word_1_105' title='bbox 365 1984 499 2048; x_wconf 89' lang='lat' dir='ltr'>celebris</span> <span class='ocrx_word' id='word_1_106' title='bbox 518 1985 558 2047; x_wconf 89' lang='lat' dir='ltr'>sit</span> <span class='ocrx_word' id='word_1_107' title='bbox 580 1993 722 2060; x_wconf 89' lang='lat' dir='ltr'>moneta,</span> <span class='ocrx_word' id='word_1_108' title='bbox 750 1985 976 2068; x_wconf 78' lang='lat' dir='ltr'>quinquelitate</span> <span class='ocrx_word' id='word_1_109' title='bbox 1002 1986 1212 2057; x_wconf 87' lang='lat' dir='ltr'>combustum,</span> <span class='ocrx_word' id='word_1_110' title='bbox 1242 1983 1284 2046; x_wconf 84' lang='lat' dir='ltr'>ud</span> 
     </span>
     <span class='ocr_line' id='line_1_16' title="bbox 256 2096 1283 2180; baseline 0 -22"><span class='ocrx_word' id='word_1_111' title='bbox 256 2097 334 2159; x_wconf 91' lang='lat' dir='ltr'>duos</span> <span class='ocrx_word' id='word_1_112' title='bbox 359 2117 468 2160; x_wconf 89' lang='lat' dir='ltr'>annos.</span> <span class='ocrx_word' id='word_1_113' title='bbox 499 2097 532 2158; x_wconf 93' lang='lat' dir='ltr'>in</span> <span class='ocrx_word' id='word_1_114' title='bbox 553 2097 683 2180; x_wconf 88' lang='lat' dir='ltr'>reliquis</span> <span class='ocrx_word' id='word_1_115' title='bbox 706 2117 784 2162; x_wconf 88' lang='lat' dir='ltr'>uero</span> <span class='ocrx_word' id='word_1_116' title='bbox 807 2099 912 2172; x_wconf 84' lang='lat' dir='ltr'>anuis,</span> <span class='ocrx_word' id='word_1_117' title='bbox 935 2118 975 2160; x_wconf 84' lang='lat' dir='ltr'>ex</span> <span class='ocrx_word' id='word_1_118' title='bbox 996 2105 1139 2180; x_wconf 84' lang='lat' dir='ltr'>argento,</span> <span class='ocrx_word' id='word_1_119' title='bbox 1159 2096 1283 2159; x_wconf 74' lang='lat' dir='ltr'>domme</span> 
     </span>
     <span class='ocr_line' id='line_1_17' title="bbox 255 2207 1283 2292; baseline 0 -23"><span class='ocrx_word' id='word_1_120' title='bbox 255 2210 477 2272; x_wconf 85' lang='lat' dir='ltr'>combustionis</span> <span class='ocrx_word' id='word_1_121' title='bbox 491 2210 652 2284; x_wconf 82' lang='lat' dir='ltr'>coniecta,</span> <span class='ocrx_word' id='word_1_122' title='bbox 675 2231 731 2292; x_wconf 89' lang='lat' dir='ltr'>per</span> <span class='ocrx_word' id='word_1_123' title='bbox 745 2231 856 2274; x_wconf 90' lang='lat' dir='ltr'>omnes</span> <span class='ocrx_word' id='word_1_124' title='bbox 873 2209 963 2291; x_wconf 86' lang='lat' dir='ltr'>regni</span> <span class='ocrx_word' id='word_1_125' title='bbox 979 2209 1122 2272; x_wconf 85' lang='lat' dir='ltr'>ciuitates</span> <span class='ocrx_word' id='word_1_126' title='bbox 1138 2207 1283 2282; x_wconf 75' lang='lat' dir='ltr'>cliuillas,</span> 
     </span>
     <span class='ocr_line' id='line_1_18' title="bbox 254 2319 1077 2407; baseline 0.001 -27"><span class='ocrx_word' id='word_1_127' title='bbox 254 2319 324 2382; x_wconf 79' lang='lat' dir='ltr'>lora</span> <span class='ocrx_word' id='word_1_128' title='bbox 338 2320 498 2384; x_wconf 87' lang='lat' dir='ltr'>contiuen.</span> <span class='ocrx_word' id='word_1_129' title='bbox 519 2321 661 2384; x_wconf 83' lang='lat' dir='ltr'>ualerem</span> <span class='ocrx_word' id='word_1_130' title='bbox 677 2328 796 2384; x_wconf 89' lang='lat' dir='ltr'>certum</span> <span class='ocrx_word' id='word_1_131' title='bbox 812 2341 939 2384; x_wconf 86' lang='lat' dir='ltr'>currere</span> <span class='ocrx_word' id='word_1_132' title='bbox 955 2321 1077 2407; x_wconf 89' lang='lat' dir='ltr'>debeat.</span> 
     </span>
    </p>

    <p class='ocr_par' dir='ltr' id='par_1_6' title="bbox 253 2428 1285 3386">
     <span class='ocr_line' id='line_1_19' title="bbox 337 2428 1282 2513; baseline 0.002 -23"><span class='ocrx_word' id='word_1_133' title='bbox 337 2428 401 2510; x_wconf 84' lang='grc'>(31)</span> <span class='ocrx_word' id='word_1_134' title='bbox 422 2432 462 2496; x_wconf 87' lang='lat' dir='ltr'>Et</span> <span class='ocrx_word' id='word_1_135' title='bbox 485 2433 510 2492; x_wconf 92' lang='lat' dir='ltr'>si</span> <span class='ocrx_word' id='word_1_136' title='bbox 536 2432 589 2513; x_wconf 94' lang='lat' dir='ltr'>qni</span> <span class='ocrx_word' id='word_1_137' title='bbox 614 2432 768 2494; x_wconf 87' lang='lat' dir='ltr'>nobilium</span> <span class='ocrx_word' id='word_1_138' title='bbox 794 2432 846 2494; x_wconf 89' lang='lat' dir='ltr'>uel</span> <span class='ocrx_word' id='word_1_139' title='bbox 868 2439 1048 2513; x_wconf 85' lang='lat' dir='ltr'>potentum,</span> <span class='ocrx_word' id='word_1_140' title='bbox 1074 2430 1107 2492; x_wconf 94' lang='lat' dir='ltr'>in</span> <span class='ocrx_word' id='word_1_141' title='bbox 1131 2429 1202 2492; x_wconf 90' lang='lat' dir='ltr'>ioro</span> <span class='ocrx_word' id='word_1_142' title='bbox 1226 2449 1282 2492; x_wconf 85' lang='lat' dir='ltr'>suc</span> 
     </span>
     <span class='ocr_line' id='line_1_20' title="bbox 256 2542 1285 2621; baseline 0.001 -19"><span class='ocrx_word' id='word_1_143' title='bbox 256 2542 479 2621; x_wconf 90' lang='lat' dir='ltr'>possessionis,</span> <span class='ocrx_word' id='word_1_144' title='bbox 501 2543 551 2604; x_wconf 93' lang='lat' dir='ltr'>uel</span> <span class='ocrx_word' id='word_1_145' title='bbox 567 2543 664 2604; x_wconf 86' lang='lat' dir='ltr'>ceiam</span> <span class='ocrx_word' id='word_1_146' title='bbox 684 2544 751 2606; x_wconf 87' lang='lat' dir='ltr'>aliis</span> <span class='ocrx_word' id='word_1_147' title='bbox 765 2544 798 2606; x_wconf 91' lang='lat' dir='ltr'>iu</span> <span class='ocrx_word' id='word_1_148' title='bbox 812 2542 906 2618; x_wconf 88' lang='lat' dir='ltr'>locis,</span> <span class='ocrx_word' id='word_1_149' title='bbox 929 2545 969 2606; x_wconf 91' lang='lat' dir='ltr'>de</span> <span class='ocrx_word' id='word_1_150' title='bbox 984 2543 1158 2608; x_wconf 87' lang='lat' dir='ltr'>commissis</span> <span class='ocrx_word' id='word_1_151' title='bbox 1171 2559 1285 2604; x_wconf 91' lang='lat' dir='ltr'>secun-</span> 
     </span>
     <span class='ocr_line' id='line_1_21' title="bbox 254 2653 1281 2735; baseline 0.001 -20"><span class='ocrx_word' id='word_1_152' title='bbox 254 2653 330 2715; x_wconf 89' lang='lat' dir='ltr'>dum</span> <span class='ocrx_word' id='word_1_153' title='bbox 346 2653 506 2735; x_wconf 90' lang='lat' dir='ltr'>antiquam</span> <span class='ocrx_word' id='word_1_154' title='bbox 522 2655 801 2730; x_wconf 88' lang='lat' dir='ltr'>consuetudinem,</span> <span class='ocrx_word' id='word_1_155' title='bbox 815 2663 982 2720; x_wconf 83' lang='lat' dir='ltr'>monetam.</span> <span class='ocrx_word' id='word_1_156' title='bbox 998 2657 1139 2726; x_wconf 16' lang='lat' dir='ltr'>*candem</span> <span class='ocrx_word' id='word_1_157' title='bbox 1154 2674 1281 2718; x_wconf 85' lang='lat' dir='ltr'>currere</span> 
     </span>
     <span class='ocr_line' id='line_1_22' title="bbox 253 2755 1282 2847; baseline -0.001 -21"><span class='ocrx_word' id='word_1_158' title='bbox 253 2783 318 2826; x_wconf 94' lang='lat' dir='ltr'>non</span> <span class='ocrx_word' id='word_1_159' title='bbox 332 2755 476 2839; x_wconf 84' lang='lat' dir='ltr'>feceriut,</span> <span class='ocrx_word' id='word_1_160' title='bbox 499 2773 614 2828; x_wconf 86' lang='lat' dir='ltr'>extunc</span> <span class='ocrx_word' id='word_1_161' title='bbox 629 2765 697 2828; x_wconf 92' lang='lat' dir='ltr'>iure</span> <span class='ocrx_word' id='word_1_162' title='bbox 717 2765 777 2827; x_wconf 85' lang='lat' dir='ltr'>fori</span> <span class='ocrx_word' id='word_1_163' title='bbox 792 2767 964 2847; x_wconf 72' lang='lat' dir='ltr'>minentur,</span> <span class='ocrx_word' id='word_1_164' title='bbox 985 2775 1017 2830; x_wconf 89' lang='lat' dir='ltr'>et</span> <span class='ocrx_word' id='word_1_165' title='bbox 1031 2767 1133 2847; x_wconf 86' lang='lat' dir='ltr'>ipsum</span> <span class='ocrx_word' id='word_1_166' title='bbox 1148 2765 1197 2828; x_wconf 90' lang='lat' dir='ltr'>ius</span> <span class='ocrx_word' id='word_1_167' title='bbox 1212 2765 1282 2838; x_wconf 82' lang='lat' dir='ltr'>lori,</span> 
     </span>
     <span class='ocr_line' id='line_1_23' title="bbox 254 2875 1282 2959; baseline -0.001 -21"><span class='ocrx_word' id='word_1_168' title='bbox 254 2875 293 2938; x_wconf 87' lang='lat' dir='ltr'>ad</span> <span class='ocrx_word' id='word_1_169' title='bbox 306 2877 394 2938; x_wconf 91' lang='lat' dir='ltr'>illum</span> <span class='ocrx_word' id='word_1_170' title='bbox 409 2876 461 2941; x_wconf 89' lang='lat' dir='ltr'>uel</span> <span class='ocrx_word' id='word_1_171' title='bbox 476 2877 516 2939; x_wconf 88' lang='lat' dir='ltr'>ad</span> <span class='ocrx_word' id='word_1_172' title='bbox 530 2877 599 2939; x_wconf 93' lang='lat' dir='ltr'>illos</span> <span class='ocrx_word' id='word_1_173' title='bbox 615 2875 811 2952; x_wconf 67' lang='lat' dir='ltr'>deuoluimur,</span> <span class='ocrx_word' id='word_1_174' title='bbox 842 2878 896 2959; x_wconf 89' lang='lat' dir='ltr'>qui</span> <span class='ocrx_word' id='word_1_175' title='bbox 912 2915 951 2928; x_wconf 88' lang='lat'>-</span> <span class='ocrx_word' id='word_1_176' title='bbox 965 2913 1007 2930; x_wconf 49' lang='grc' dir='ltr'>-ψ</span> <span class='ocrx_word' id='word_1_177' title='bbox 1021 2879 1149 2954; x_wconf 84' lang='lat' dir='ltr'>modum</span> <span class='ocrx_word' id='word_1_178' title='bbox 1163 2879 1196 2938; x_wconf 91' lang='lat' dir='ltr'>in</span> <span class='ocrx_word' id='word_1_179' title='bbox 1210 2877 1282 2948; x_wconf 77' lang='lat' dir='ltr'>hoc,</span> 
     </span>
     <span class='ocr_line' id='line_1_24' title="bbox 253 2987 1280 3071; baseline 0 -21"><span class='ocrx_word' id='word_1_180' title='bbox 253 2997 285 3050; x_wconf 86' lang='lat' dir='ltr'>et</span> <span class='ocrx_word' id='word_1_181' title='bbox 298 2989 330 3050; x_wconf 91' lang='lat' dir='ltr'>in</span> <span class='ocrx_word' id='word_1_182' title='bbox 345 2987 424 3051; x_wconf 90' lang='lat' dir='ltr'>alliis</span> <span class='ocrx_word' id='word_1_183' title='bbox 439 2990 534 3071; x_wconf 84' lang='lat' dir='ltr'>digno</span> <span class='ocrx_word' id='word_1_184' title='bbox 549 2997 580 3052; x_wconf 90' lang='lat' dir='ltr'>et</span> <span class='ocrx_word' id='word_1_185' title='bbox 594 2989 700 3051; x_wconf 87' lang='lat' dir='ltr'>debito</span> <span class='ocrx_word' id='word_1_186' title='bbox 715 2989 860 3053; x_wconf 81' lang='lat' dir='ltr'>seruntur</span> <span class='ocrx_word' id='word_1_187' title='bbox 870 2990 1002 3053; x_wconf 82' lang='lat' dir='ltr'>bonore.</span> <span class='ocrx_word' id='word_1_188' title='bbox 1024 2999 1056 3053; x_wconf 90' lang='lat' dir='ltr'>ct</span> <span class='ocrx_word' id='word_1_189' title='bbox 1069 2990 1280 3060; x_wconf 83' lang='lat' dir='ltr'>nibilominus,-</span> 
     </span>
     <span class='ocr_line' id='line_1_25' title="bbox 253 3089 1281 3183; baseline -0.002 -21"><span class='ocrx_word' id='word_1_190' title='bbox 253 3102 282 3162; x_wconf 87' lang='lat' dir='ltr'>si</span> <span class='ocrx_word' id='word_1_191' title='bbox 301 3100 355 3183; x_wconf 93' lang='lat' dir='ltr'>qui</span> <span class='ocrx_word' id='word_1_192' title='bbox 376 3089 510 3163; x_wconf 87' lang='lat' dir='ltr'>eandem</span> <span class='ocrx_word' id='word_1_193' title='bbox 531 3121 595 3164; x_wconf 92' lang='lat' dir='ltr'>nou</span> <span class='ocrx_word' id='word_1_194' title='bbox 617 3102 842 3183; x_wconf 84' lang='lat' dir='ltr'>assumpserint</span> <span class='ocrx_word' id='word_1_195' title='bbox 862 3111 1038 3176; x_wconf 84' lang='lat' dir='ltr'>monetam,</span> <span class='ocrx_word' id='word_1_196' title='bbox 1060 3103 1099 3164; x_wconf 86' lang='lat' dir='ltr'>ad</span> <span class='ocrx_word' id='word_1_197' title='bbox 1119 3101 1281 3162; x_wconf 80' lang='lat' dir='ltr'>collectam</span> 
     </span>
     <span class='ocr_line' id='line_1_26' title="bbox 255 3203 1282 3296; baseline -0.001 -23"><span class='ocrx_word' id='word_1_198' title='bbox 255 3213 374 3275; x_wconf 86' lang='lat' dir='ltr'>dimidii</span> <span class='ocrx_word' id='word_1_199' title='bbox 399 3213 528 3276; x_wconf 82' lang='lat' dir='ltr'>serlonis</span> <span class='ocrx_word' id='word_1_200' title='bbox 552 3213 768 3296; x_wconf 82' lang='lat' dir='ltr'>persingulas</span> <span class='ocrx_word' id='word_1_201' title='bbox 793 3205 973 3276; x_wconf 86' lang='lat' dir='ltr'>mansiones</span> <span class='ocrx_word' id='word_1_202' title='bbox 994 3233 1050 3276; x_wconf 87' lang='lat' dir='ltr'>sue</span> <span class='ocrx_word' id='word_1_203' title='bbox 1072 3203 1282 3296; x_wconf 84' lang='lat' dir='ltr'>possessionis</span> 
     </span>
     <span class='ocr_line' id='line_1_27' title="bbox 253 3331 430 3386; baseline -0.011 0"><span class='ocrx_word' id='word_1_204' title='bbox 253 3331 430 3386; x_wconf 86' lang='lat' dir='ltr'>teneantur.</span> 
     </span>
    </p>

    <p class='ocr_par' dir='ltr' id='par_1_7' title="bbox 256 3431 1283 3740">
     <span class='ocr_line' id='line_1_28' title="bbox 339 3431 1281 3516; baseline 0.002 -22"><span class='ocrx_word' id='word_1_205' title='bbox 339 3431 405 3515; x_wconf 70' lang='lat'><strong>(32)</strong></span> <span class='ocrx_word' id='word_1_206' title='bbox 426 3435 466 3496; x_wconf 84' lang='lat' dir='ltr'>Et</span> <span class='ocrx_word' id='word_1_207' title='bbox 490 3435 516 3495; x_wconf 93' lang='lat' dir='ltr'>si</span> <span class='ocrx_word' id='word_1_208' title='bbox 536 3453 598 3516; x_wconf 92' lang='lat' dir='ltr'>que</span> <span class='ocrx_word' id='word_1_209' title='bbox 618 3455 754 3516; x_wconf 87' lang='lat' dir='ltr'>persona</span> <span class='ocrx_word' id='word_1_210' title='bbox 774 3457 852 3500; x_wconf 90' lang='lat' dir='ltr'>ausu</span> <span class='ocrx_word' id='word_1_211' title='bbox 877 3437 1044 3500; x_wconf 87' lang='lat' dir='ltr'>temerario</span> <span class='ocrx_word' id='word_1_212' title='bbox 1066 3443 1223 3498; x_wconf 86' lang='lat' dir='ltr'>monetam</span> <span class='ocrx_word' id='word_1_213' title='bbox 1248 3435 1281 3496; x_wconf 91' lang='lat' dir='ltr'>iu</span> 
     </span>
     <span class='ocr_line' id='line_1_29' title="bbox 257 3535 1283 3630; baseline -0.002 -20"><span class='ocrx_word' id='word_1_214' title='bbox 257 3535 314 3610; x_wconf 86' lang='lat' dir='ltr'>sua</span> <span class='ocrx_word' id='word_1_215' title='bbox 332 3543 532 3626; x_wconf 87' lang='lat' dir='ltr'>possessione</span> <span class='ocrx_word' id='word_1_216' title='bbox 557 3543 609 3606; x_wconf 92' lang='lat' dir='ltr'>uel</span> <span class='ocrx_word' id='word_1_217' title='bbox 630 3546 736 3620; x_wconf 90' lang='lat' dir='ltr'>domo,</span> <span class='ocrx_word' id='word_1_218' title='bbox 764 3549 836 3610; x_wconf 90' lang='lat' dir='ltr'>cudi</span> <span class='ocrx_word' id='word_1_219' title='bbox 859 3548 984 3621; x_wconf 84' lang='lat' dir='ltr'>iecerit,</span> <span class='ocrx_word' id='word_1_220' title='bbox 1010 3547 1062 3610; x_wconf 84' lang='lat' dir='ltr'>illa</span> <span class='ocrx_word' id='word_1_221' title='bbox 1082 3547 1283 3630; x_wconf 87' lang='lat' dir='ltr'>possessione</span> 
     </span>
     <span class='ocr_line' id='line_1_30' title="bbox 256 3656 1019 3740; baseline 0.007 -24"><span class='ocrx_word' id='word_1_222' title='bbox 256 3656 309 3718; x_wconf 90' lang='lat' dir='ltr'>uel</span> <span class='ocrx_word' id='word_1_223' title='bbox 324 3656 418 3716; x_wconf 91' lang='lat' dir='ltr'>domo</span> <span class='ocrx_word' id='word_1_224' title='bbox 433 3656 584 3737; x_wconf 88' lang='lat' dir='ltr'>priuetur,</span> <span class='ocrx_word' id='word_1_225' title='bbox 606 3677 719 3738; x_wconf 89' lang='lat' dir='ltr'>penam</span> <span class='ocrx_word' id='word_1_226' title='bbox 733 3657 810 3740; x_wconf 74' lang='lat' dir='ltr'>legis</span> <span class='ocrx_word' id='word_1_227' title='bbox 825 3667 1019 3740; x_wconf 87' lang='lat' dir='ltr'>susceptura.</span> 
     </span>
    </p>

    <p class='ocr_par' dir='ltr' id='par_1_8' title="bbox 254 3754 1285 4300">
     <span class='ocr_line' id='line_1_31' title="bbox 340 3754 1283 3850; baseline 0.003 -24"><span class='ocrx_word' id='word_1_228' title='bbox 340 3754 404 3846; x_wconf 87' lang='grc'>(33)</span> <span class='ocrx_word' id='word_1_229' title='bbox 427 3767 595 3830; x_wconf 87' lang='lat' dir='ltr'>Statuimus</span> <span class='ocrx_word' id='word_1_230' title='bbox 616 3775 648 3830; x_wconf 85' lang='lat' dir='ltr'>et</span> <span class='ocrx_word' id='word_1_231' title='bbox 671 3778 824 3850; x_wconf 87' lang='lat' dir='ltr'>perpetuo</span> <span class='ocrx_word' id='word_1_232' title='bbox 846 3770 949 3833; x_wconf 87' lang='lat' dir='ltr'>edicto</span> <span class='ocrx_word' id='word_1_233' title='bbox 967 3769 1155 3832; x_wconf 85' lang='lat' dir='ltr'>stabilimus:</span> <span class='ocrx_word' id='word_1_234' title='bbox 1178 3777 1211 3832; x_wconf 89' lang='lat' dir='ltr'>ut</span> <span class='ocrx_word' id='word_1_235' title='bbox 1226 3767 1283 3830; x_wconf 90' lang='lat' dir='ltr'>do·</span> 
     </span>
     <span class='ocr_line' id='line_1_32' title="bbox 254 3875 1283 3961; baseline 0.001 -23"><span class='ocrx_word' id='word_1_236' title='bbox 254 3876 357 3938; x_wconf 91' lang='lat' dir='ltr'>minus</span> <span class='ocrx_word' id='word_1_237' title='bbox 374 3895 431 3937; x_wconf 86' lang='lat' dir='ltr'>rex</span> <span class='ocrx_word' id='word_1_238' title='bbox 451 3875 609 3942; x_wconf 81' lang='lat' dir='ltr'>libertates</span> <span class='ocrx_word' id='word_1_239' title='bbox 630 3881 861 3961; x_wconf 81' lang='lat' dir='ltr'>regnicolarum</span> <span class='ocrx_word' id='word_1_240' title='bbox 883 3899 1013 3944; x_wconf 87' lang='lat' dir='ltr'>suorum</span> <span class='ocrx_word' id='word_1_241' title='bbox 1028 3889 1060 3944; x_wconf 86' lang='lat' dir='ltr'>ct</span> <span class='ocrx_word' id='word_1_242' title='bbox 1078 3879 1283 3944; x_wconf 84' lang='lat' dir='ltr'>ecclesiarum</span> 
     </span>
     <span class='ocr_line' id='line_1_33' title="bbox 254 3977 1283 4075; baseline 0 -23"><span class='ocrx_word' id='word_1_243' title='bbox 254 3977 397 4071; x_wconf 90' lang='lat' dir='ltr'>tempore</span> <span class='ocrx_word' id='word_1_244' title='bbox 412 3990 627 4052; x_wconf 86' lang='lat' dir='ltr'>coronacionis</span> <span class='ocrx_word' id='word_1_245' title='bbox 643 4011 698 4053; x_wconf 90' lang='lat' dir='ltr'>sue</span> <span class='ocrx_word' id='word_1_246' title='bbox 713 3991 745 4053; x_wconf 93' lang='lat' dir='ltr'>in</span> <span class='ocrx_word' id='word_1_247' title='bbox 760 3990 857 4057; x_wconf 87' lang='lat' dir='ltr'>literis</span> <span class='ocrx_word' id='word_1_248' title='bbox 872 4013 1055 4074; x_wconf 84' lang='lat' dir='ltr'>expressas,</span> <span class='ocrx_word' id='word_1_249' title='bbox 1077 4001 1109 4056; x_wconf 85' lang='lat' dir='ltr'>et</span> <span class='ocrx_word' id='word_1_250' title='bbox 1122 4011 1160 4056; x_wconf 86' lang='lat' dir='ltr'>ea</span> <span class='ocrx_word' id='word_1_251' title='bbox 1174 4011 1237 4075; x_wconf 90' lang='lat' dir='ltr'>que</span> <span class='ocrx_word' id='word_1_252' title='bbox 1250 3992 1283 4053; x_wconf 86' lang='lat' dir='ltr'>iri</span> 
     </span>
     <span class='ocr_line' id='line_1_34' title="bbox 254 4100 1284 4185; baseline 0.002 -23"><span class='ocrx_word' id='word_1_253' title='bbox 254 4100 453 4184; x_wconf 82' lang='lat' dir='ltr'>presentibus</span> <span class='ocrx_word' id='word_1_254' title='bbox 479 4101 599 4162; x_wconf 87' lang='lat' dir='ltr'>statutis</span> <span class='ocrx_word' id='word_1_255' title='bbox 624 4112 825 4184; x_wconf 86' lang='lat' dir='ltr'>exponuntur</span> <span class='ocrx_word' id='word_1_256' title='bbox 840 4149 942 4167; x_wconf 90' lang='grc'><strong>.....</strong></span> <span class='ocrx_word' id='word_1_257' title='bbox 971 4105 1089 4168; x_wconf 78' lang='lat' dir='ltr'>(lumini</span> <span class='ocrx_word' id='word_1_258' title='bbox 1111 4103 1284 4185; x_wconf 57' lang='lat' dir='ltr'>archiepis*</span> 
     </span>
     <span class='ocr_line' id='line_1_35' title="bbox 256 4210 1285 4300; baseline 0 -24"><span class='ocrx_word' id='word_1_259' title='bbox 256 4213 326 4295; x_wconf 92' lang='lat' dir='ltr'>copi</span> <span class='ocrx_word' id='word_1_260' title='bbox 342 4210 533 4288; x_wconf 84' lang='lat' dir='ltr'>Colocensis,</span> <span class='ocrx_word' id='word_1_261' title='bbox 555 4211 594 4276; x_wconf 89' lang='lat' dir='ltr'>de</span> <span class='ocrx_word' id='word_1_262' title='bbox 615 4232 770 4278; x_wconf 88' lang='lat' dir='ltr'>consensu</span> <span class='ocrx_word' id='word_1_263' title='bbox 793 4215 982 4300; x_wconf 82' lang='lat' dir='ltr'>prelatorum</span> <span class='ocrx_word' id='word_1_264' title='bbox 998 4215 1163 4282; x_wconf 84' lang='lat' dir='ltr'>ferendam</span> <span class='ocrx_word' id='word_1_265' title='bbox 1177 4216 1285 4280; x_wconf 90' lang='lat' dir='ltr'>iucur-</span> 
     </span>
    </p>
   </div>
   <div class='ocr_carea' id='block_1_3' title="bbox 0 0 1528 4760">
    <p class='ocr_par' dir='ltr' id='par_1_9' title="bbox 0 0 1528 4760">
     <span class='ocr_line' id='line_1_36' title="bbox 0 0 1528 4760; baseline 0 0"><span class='ocrx_word' id='word_1_266' title='bbox 0 0 1528 4760; x_wconf 95' lang='lat' dir='ltr'> </span> 
     </span>
    </p>
   </div>
  </div>
 </body>
</html>
