2924 4758
366 393 496 446 utamur*
508 395 675 445 nncnnrou
694 395 873 444 coronarent
893 395 994 446 noers.
1134 375 1196 445 667

250 557 328 632 (51)
348 555 411 617 Fur
426 559 534 636 captus
548 551 755 636 pertriduum
768 550 882 636 ligatus
894 553 961 617 sine
976 573 1125 616 manuum
1135 552 1196 615 sic·

165 668 298 732 cacione
314 677 346 732 et
359 667 440 750 ignis
450 667 713 730 concremacione
727 674 882 740 teneatur,
901 671 1010 748 quarta
1024 674 1130 730 autern
1145 664 1195 728 die

165 783 206 846 ad
221 780 358 843 iudicem
374 781 515 842 ducatur.

248 893 313 955 Fur
325 893 451 973 quando
467 891 589 954 ducitur
604 911 621 952 a
634 886 795 972 prestaido
812 890 929 953 domini
942 889 1011 965 sui,
1033 890 1060 953 si
1074 909 1137 952 una
1151 888 1196 951 ihi

163 1014 289 1070 tantum
303 1003 421 1066 familia
436 1004 491 1076 sit,
512 1003 586 1065 inde
602 1023 682 1065 unus
698 1011 768 1063 cur'n
783 1001 852 1065 fure
869 1009 935 1077 eat,
958 1001 1013 1084 qui
1034 1001 1060 1066 si
1078 1002 1125 1064 ire
1140 1021 1199 1063 no·

164 1117 277 1190 luerit,
298 1117 394 1178 iudex
409 1115 549 1177 iudicare
565 1132 628 1176 non
643 1113 801 1178 formidet.
823 1115 848 1176 si
864 1133 941 1176 uero
953 1113 997 1176 ibi
1011 1114 1097 1177 nulla
1108 1113 1199 1176 fami·

165 1229 210 1291 lia
223 1227 337 1301 fucrit,
353 1228 392 1289 ad
408 1226 595 1288 uiciniorem
611 1225 729 1288 domini
743 1226 825 1288 iliius
839 1225 945 1288 locum
958 1225 1056 1288 iudex
1068 1223 1199 1308 ligatum

166 1341 293 1423 dirigat.
316 1338 387 1420 lege
403 1345 506 1401 autem
521 1337 572 1400 sur
586 1337 753 1400 iudicetur.
816 1349 819 1356 '

254 1453 333 1527 (52)
356 1451 387 1512 Si
402 1451 452 1512 iirr
468 1451 578 1514 ductus
599 1449 703 1510 saluus
725 1449 757 1510 in
778 1448 894 1512 iudicio
911 1448 1105 1532 apparuerit,
1126 1467 1199 1530 cap·

165 1566 221 1628 tor
232 1563 301 1628 eius
315 1563 470 1624 iudicetur
484 1561 662 1635 sentencia,
684 1561 741 1623 sed
755 1579 820 1622 non
836 1561 1029 1624 aboculetur.

253 1675 331 1750 (56)
354 1672 386 1735 Si
406 1673 466 1735 furi
487 1681 576 1754 capto
592 1673 709 1735 furtum
731 1673 867 1755 proponi
888 1693 953 1735 non
974 1671 1087 1753 possit,
1109 1661 1200 1736 detur

165 1785 331 1850 iudiciuin.
362 1785 394 1846 in
409 1785 472 1866 quo
487 1785 513 1846 si
528 1785 633 1848 saluus
648 1792 815 1867 appareat,
841 1793 947 1866 captor
961 1784 1043 1848 illius
1058 1785 1200 1868 priuetur

167 1898 370 1971 substancia,
399 1905 547 1980 quantam
576 1897 645 1978 ipso
670 1896 721 1958 fur
742 1895 841 1959 dictus
871 1894 1001 1958 habere
1019 1895 1200 1970 dinoscitur,

166 2017 359 2074 nouantem
383 2009 576 2072 ahoculetur.
604 2005 656 2070 sur
672 2007 823 2070 inuentus
845 2007 877 2068 in
900 2004 1015 2069 iudicio
1038 2005 1200 2088 culpabilis

167 2123 370 2188 accentum.-
465 2157 472 2172 ·

254 2234 333 2312 (56)
356 2235 387 2296 Si
410 2231 479 2316 quis
501 2230 621 2296 furatus
644 2233 825 2316 quadrupes
845 2229 964 2294 animal
986 2230 1037 2292 uel
1059 2229 1209 2312 precium·

169 2346 257 2420 eius,
279 2353 332 2408 aut
353 2346 577 2408 uestimentum
600 2343 700 2426 precii
721 2341 830 2425 uiginti
850 2342 1050 2405 denariorum
1071 2341 1202 2416 iuretur,

168 2467 207 2522 ut
220 2457 452 2519 furiudicetur.
989 2445 991 2452 '

256 2569 334 2644 (55)
356 2569 388 2629 Si
411 2567 481 2650 quis
506 2565 573 2630 sola
598 2565 777 2648 suspicione
801 2565 905 2630 furem
929 2565 1065 2648 ceperit,
1095 2571 1129 2627 ut
1154 2562 1204 2626 sur

171 2681 339 2763 culpabilis
353 2681 386 2741 in
399 2679 518 2742 iudicio
533 2669 701 2740 iudicetur.

258 2793 337 2867 (56)
356 2791 440 2852 Uxor
453 2790 541 2864 furis,
557 2809 618 2872 que
635 2789 790 2872 particeps
805 2797 854 2852 est
867 2788 995 2852 sceleris
1010 2788 1123 2862 mariti,
1138 2807 1206 2848 me·

171 2901 632 2984 ritornancipeturseruituti.
663 2901 718 2964 filii
743 2921 870 2984 quoque
895 2921 1005 2964 eorum
1027 2899 1205 2983 quindecim

175 3035 333 3080 annorum
348 3023 379 3078 et
393 3015 487 3087 ultra,
503 3013 611 3076 matris
623 3033 739 3095 penam
748 3004 940 3076 sarciantur.
963 3012 1018 3094 qui
1032 3031 1110 3074 uero
1124 3009 1208 3072 infra

175 3128 357 3211 quindecim
373 3145 472 3188 annos
488 3125 620 3198 fuerint,
640 3125 769 3207 impune
782 3123 987 3189 dimittantur.
1022 3117 1024 3127 ’

196 3267 198 3270 ·
215 3249 216 3252 ’
261 3239 341 3313 (57)
361 3239 406 3298 De
417 3236 612 3318 strigisucro
624 3253 685 3318 que
698 3243 860 3310 nonsunt,
877 3255 918 3298 ne
930 3232 993 3298 ulla
1004 3233 1127 3317 questio
1144 3231 1208 3296 fiat.

262 3347 339 3424 (58)
360 3345 509 3410 Mulieres
529 3353 654 3430 partum
676 3349 768 3410 suum
789 3355 957 3422 necantes,
983 3344 1208 3409 archidiacono

178 3459 283 3522 oblate
297 3458 508 3540 penitenciam
525 3465 635 3541 agant,
894 3449 902 3458 ³

263 3573 338 3646 (59)
360 3572 476 3652 Raptus
503 3570 670 3632 mulierum
695 3569 861 3652 episcopus
888 3588 945 3632 seu
970 3566 1209 3631 archidiaconus

180 3681 340 3744 diiudicet.
897 3692 900 3699 “

264 3792 344 3867 (66)
366 3789 498 3853 Malefici
514 3811 570 3872 per
585 3791 734 3854 nuncium
757 3788 968 3854 archidiaconi
984 3795 1014 3854 c't
1028 3789 1148 3854 comitis
1162 3789 1210 3852 in-

178 3901 472 3968 uentiiudicentur.
826 3893 828 3899 ⁸
1255 3983 1258 3992 Ι

265 4016 348 4090 (61)
369 4013 512 4078 ddulteri
528 4013 676 4098 episcopo
691 4013 743 4078 uel
759 4013 982 4079 archidiacono
998 4010 1139 4086 adducti,
1155 4009 1211 4072 de·

168 4125 254 4192 -bitis
268 4141 421 4208 penarum
434 4123 558 4190 iudiciis
574 4123 773 4208 deputentur.

265 4239 345 4318 (62)
365 4233 404 4304 'Si'
413 4239 451 4303 'in
464 4239 540 4304 uilla
552 4238 585 4302 in
596 4256 659 4326 quo
671 4259 728 4304 rex
742 4239 839 4304 fucrit
852 4257 952 4324 equus
966 4236 1125 4323 perdatur,
1139 4229 1211 4304 uul-
1302 4249 1319 4274 ⁸·
