2920 4758
394 475 397 482 .
457 439 564 486 casnm
586 439 775 486 cunnrsnsrs.
821 421 910 486 luto·
1137 420 1197 484 lle

165 617 229 681 que
245 595 445 678 quorundam
468 601 701 656 antecessorum
725 602 905 656 nostrornm
926 592 1120 674 temporibus
1134 613 1198 654 non

163 709 269 770 solnm
290 706 425 769 contusa
441 712 474 774 et
490 704 684 777 inordinata,
706 705 762 766 sed
779 725 858 783 pene
876 705 997 784 penitus
1011 705 1044 766 in
1060 704 1199 786 preindi-

165 820 250 882 cirnn
270 836 387 880 corone
410 815 499 898 regie
517 815 643 878 fuerant
663 812 835 888 annullata,'
857 815 974 896 placuit
987 815 1127 896 ipsorum
1144 816 1199 878 do·

163 930 248 1002 bita,
269 927 436 990 subiuncta
456 926 608 1006 pensione
628 925 803 1008 designare.
832 944 903 988 cum
921 927 1026 1006 itaque
1042 924 1200 988 condicio·

164 1061 224 1102 nes
246 1049 278 1103 et
293 1039 399 1100 debita
414 1035 507 1100 castri
521 1036 718 1109 Geuricnsls,
739 1035 819 1098 siout
833 1044 863 1098 ct
879 1044 1056 1100 ceterorum
1072 1037 1199 1102 ordina-

163 1155 286 1225 remus,
307 1149 484 1212 iunenimus
499 1147 651 1210 uinitores
670 1156 794 1211 nostros
809 1148 841 1208 in
855 1148 929 1210 uilla
944 1149 1037 1230 Segh,
1058 1149 1147 1230 Nyul,
1168 1157 1200 1212 et

163 1265 199 1325 in
215 1263 294 1325 uilla
306 1261 438 1343 Cydan,
458 1261 490 1322 in
505 1259 580 1322 uilla
594 1261 678 1334 Ech,
700 1261 753 1340 qui
769 1260 857 1322 iuxta
870 1262 1132 1326 consuetudinem
1146 1281 1199 1323 eo·

163 1392 237 1436 rum
252 1373 392 1453 inprimis
409 1371 619 1452 persingulas
640 1369 820 1432 mansiones
841 1371 880 1434 de
893 1391 955 1434 une
970 1371 1082 1444 uinea,
1104 1391 1198 1454 quam

163 1485 227 1566 ipsi
241 1485 338 1546 iidem
353 1483 507 1554 colebant,
522 1483 561 1546 de
576 1483 680 1544 media
697 1488 786 1562 parte
801 1481 867 1546 uini
883 1482 961 1544 duas
977 1489 1082 1561 partes
1097 1481 1198 1556 nobis

164 1597 295 1657 terciam
319 1615 396 1656 uero
420 1593 525 1656 comiti
546 1593 716 1666 lauriensi,
737 1593 840 1656 media
862 1599 948 1674 parte
963 1593 1000 1656 iis
1015 1601 1198 1656 remanente

165 1725 225 1788 pro
247 1706 369 1770 cultura
390 1725 464 1777 sua,
485 1705 610 1766 soluere
632 1713 880 1778 consueuerant,
908 1725 1018 1788 eorum
1040 1705 1199 1767 condicio-

165 1837 240 1880 num
256 1824 291 1878 et-
301 1815 406 1878 debita
420 1815 667 1880 misericorditer
681 1816 827 1878 duximus
843 1817 1032 1878 ordinanda:
1126 1857 1128 1862 .

251 1925 300 2006 (ll
333 1927 425 2000 Quod
449 1927 544 1992 iidem
569 1924 679 2006 populi
708 1925 747 1987 de
773 1926 912 2007 qnalibet
936 1927 1099 1989 mansione
1124 1927 1199 1990 dent

166 2039 273 2101 comiti
295 2037 447 2101 lauriensi
469 2036 579 2118 uiginti
602 2035 730 2098 cubulos
752 2037 929 2117 bulgaricos
954 2038 993 2099 de
1014 2039 1100 2112 uino,
1122 2039 1199 2100 etin

164 2151 249 2212 festo
271 2169 296 2210 s.
314 2147 476 2210 Michaelis
501 2146 625 2208 soluant
648 2147 754 2222 comiti
772 2148 990 2211 bucheriorurn
1009 2169 1107 2230 unum
1121 2169 1200 2230 pon·

167 2263 226 2324 dus
241 2260 382 2322 similiter
394 2260 435 2324 de
451 2277 513 2328 una
528 2259 846 2339 quaquemansione,
868 2277 927 2320 nec
948 2259 1064 2339 aliquid
1080 2259 1110 2320 ei
1129 2258 1198 2340 plns

165 2378 334 2435 teneantur
351 2369 485 2432 soluere.
516 2377 546 2453 et
561 2369 688 2432 ‹rmrlino
703 2369 743 2430 ad
757 2377 892 2433 castrum
906 2411 920 2430 -.
937 2414 944 2430 .
1006 2413 1037 2430 ..
1059 2370 1092 2430 in
1112 2368 1198 2432 nullo

165 2483 259 2546 nobis
276 2489 454 2543 teneantur.

253 2591 301 2675 (2)
324 2595 402 2654 Item
417 2593 592 2666 statuimus,
607 2593 693 2674 quod
706 2592 801 2656 iidem
815 2593 924 2673 populi
939 2613 997 2656 nec
1012 2593 1198 2656 descensum

166 2705 305 2776 comitis,
327 2721 396 2767 nec·
411 2703 528 2764 liberos
555 2703 717 2774 denarios,
738 2723 797 2764 nec
820 2704 951 2777 bouem,
973 2723 1031 2766 nec
1052 2703 1198 2784 fislpenz,

165 2837 231 2880 non
255 2809 395 2878 debitum
412 2813 610 2892 centurionis
631 2813 771 2885 soleant,
792 2833 856 2874 non
871 2815 1086 2876 centurionem
1101 2815 1199 2876 hahe-

167 2937 236 3000 ant,
264 2925 344 2988 sicut
367 2925 462 2990 ceteri
484 2931 660 2986 castrenses
680 2923 798 2984 hahere
820 2932 1066 3010 consueuerunt,
1095 2931 1125 2984 et
1142 2923 1199 2993 ha·

159 3040 265 3102 ·heant
280 3038 361 3098 inter
376 3057 410 3098 se
426 3036 564 3101 uillicum
581 3034 713 3096 electum
731 3035 887 3096 communi
903 3034 1075 3099 uoluntate.

254 3145 478 3227 (3).Uolumus
505 3147 604 3208 eciam
632 3153 667 3208 ut
694 3140 789 3228 supra
814 3146 953 3206 debitum
979 3165 1088 3210 eorum
1113 3147 1198 3227 prius

169 3266 354 3322 annotatum
375 3277 480 3326 comes
498 3258 626 3318 racione
646 3257 720 3319 doni
740 3257 791 3318 uel
806 3256 989 3322 deliciarum
1004 3257 1081 3318 nihil
1096 3257 1200 3339 exigat

170 3373 209 3434 ab
231 3371 286 3432 eis.
315 3389 380 3432 non
396 3368 491 3430 iidem
508 3369 635 3430 racione
651 3369 885 3450 procuras-ionis
901 3376 1012 3430 nostre
1027 3368 1079 3430 uel
1092 3368 1199 3448 hospi-

168 3491 235 3544 tum
250 3489 428 3543 nostrorum
443 3479 559 3562 aliquid
575 3481 649 3541 dare
663 3487 841 3564 teneantur,
862 3479 923 3552 nisi
938 3488 1044 3542 nostre
1058 3480 1096 3540 iis
1110 3479 1197 3542 litere

167 3593 287 3656 fuerint
310 3599 506 3672 presentato,
520 3591 605 3672 ‚quid
628 3598 659 3664 et
681 3600 832 3672 quantum
858 3592 993 3653 debeant
1014 3593 1102 3664 dare,
1124 3611 1199 3652 con-

167 3703 314 3774 tinentes.
448 3769 449 3772 Ἴ

252 3811 298 3896 (l)
320 3815 400 3878 Item
413 3814 559 3878 uolumus
575 3834 614 3888 ne
631 3827 741 3887 comes,
752 3831 846 3891 super
862 3831 917 3874 eos
934 3811 1113 3886 descendat,
1133 3831 1199 3876 non

168 3947 241 3990 eum
265 3927 430 3992 casualiter
450 3929 482 3988 in
504 3928 608 3990 eundo
632 3926 685 3988 uel
709 3925 889 3998 redeundo,
919 3945 975 3986 seu
999 3925 1074 3987 alias
1098 3934 1199 3986 trans·

167 4039 284 4112 eundo,
294 4036 415 4100 diucius
430 4038 612 4112 descendat,
624 4045 655 4100 et
668 4031 845 4112 necessaria
859 4036 991 4118 recipiat
1001 4036 1082 4101 iusto
1093 4037 1199 4110 modo,

168 4151 291 4232 absque
307 4170 417 4212 eorum
431 4149 562 4214 lesione.

252 4257 303 4344 (5)
313 4261 400 4326 'Item
414 4259 577 4326 statuimus
593 4267 634 4328 ut,
642 4259 766 4328 curialis
783 4275 889 4326 comes
910 4269 982 4346 post
999 4279 1032 4324 se
1047 4257 1199 4324 uicarium
