2924 4758
276 423 337 490 ato
516 443 542 490 s.
556 444 700 492 naorsntr
720 442 810 492 neers
830 445 999 492 occurren
1019 447 1064 492 nr.
1085 443 1088 452 ·

277 597 376 678 etqui
390 595 494 662 iurem
509 618 581 662 cnm
599 619 681 682 equo
703 599 992 684 comprehenderit,
1014 600 1117 666 furem
1133 603 1187 667 det
1200 601 1305 680 iudici,

277 731 378 794 equus
392 731 470 776 uero
486 733 561 776 suus
574 713 613 775 sit
627 713 697 775 sibi.

358 821 425 906 (15)
455 825 499 887 De
519 827 565 888 lie
583 827 633 906 qui
653 828 796 888 decretam
817 828 893 906 regie
912 837 1063 908 spernant.
1118 827 1306 913 Quicunque

275 957 354 1000 uero
369 937 453 1020 regis
469 945 500 1000 et
513 939 689 1021 principum
704 939 831 1002 decreta
845 939 989 1021 fregerit,
1011 937 1038 1002 si
1061 940 1229 1023 episeopus
1251 951 1308 1017 est,

276 1051 451 1112 secundum
466 1051 659 1114 uoluntatem
674 1051 757 1134 regis
772 1051 968 1126 diiudicetur,
990 1051 1016 1114 si
1032 1071 1156 1127 comes,
1178 1072 1197 1114 a
1212 1055 1309 1116 comi-

276 1167 342 1223 tatu
366 1161 565 1244 degradetur,
587 1163 613 1226 si
634 1163 787 1235 centurio,
811 1161 933 1224 honore
955 1162 1105 1244 priuetur,
1127 1171 1159 1226 et
1179 1165 1310 1246 iusuper

277 1272 504 1356 quinquaginta
530 1274 670 1356 quinque
697 1293 812 1356 pensas
840 1274 952 1340 soluat.
987 1274 1076 1338 miles
1105 1275 1310 1340 consimiliter

278 1385 506 1470 quinquaginta
520 1383 660 1470 quinque
674 1404 790 1468 pensas
805 1385 917 1448 soluat.

360 1495 427 1580 (16)
448 1499 493 1560 Do
506 1499 661 1560 iudicibus.
704 1493 854 1560 Uolumus
869 1505 904 1560 nt
917 1515 998 1562 nnus
1014 1497 1147 1582 quisque
1162 1499 1260 1562 iudex
1275 1499 1310 1562 in

277 1609 427 1693 parochia
442 1629 500 1674 sua
513 1609 647 1684 iu'dicet,
668 1609 700 1670 id
714 1620 753 1672 ert
767 1631 850 1674 acmo
864 1609 994 1674 indicam
1008 1621 1093 1674 extra
1114 1631 1200 1674 raam
1221 1613 1310 1674 iuria·

278 1725 432 1786 dictionem
447 1725 565 1786 indicet.

361 1831 426 1916 (17)
448 1835 618 1916 Deseritur
631 1835 672 1896 ad
685 1837 832 1898 eeclesiam
853 1837 1030 1917 fugientibus
1050 1847 1076 1899 ct
1096 1857 1125 1898 rc
1146 1837 1311 1900 innocenter

275 1949 537 2030 proclamantibus.
581 1945 613 2008 Si
632 1947 685 2029 qui
704 1948 789 2010 serui
809 1947 862 2010 uel
882 1947 972 2010 liberi
986 1949 1071 2012 iures
1087 1949 1127 2011 ad
1142 1947 1310 2012 ecelesiam

277 2059 532 2135 subintrauerint,
553 2043 585 2121 et
598 2079 632 2122 se
649 2059 836 2122 innocentes
852 2079 921 2121 esse
936 2059 1209 2140 proclamauerint,
1229 2060 1311 2122 indi-

278 2171 327 2234 cio
350 2171 533 2254 probentur.
562 2171 648 2254 quod
669 2171 695 2232 si
716 2171 763 2234 rei
785 2171 1003 2253 apparuerint,
1025 2171 1115 2254 quasi
1131 2173 1185 2256 qui
1208 2171 1310 2236 ecele-

278 2283 355 2346 siam
380 2303 444 2346 non
467 2283 638 2346 intrassent
658 2281 843 2345 iudicentur.
874 2281 901 2346 si
921 2303 999 2346 uero
1022 2283 1146 2365 culpam
1171 2283 1309 2350 confessi

277 2397 408 2470 luerint,
428 2395 499 2478 lege
513 2395 597 2457 beati
612 2395 763 2474 Stephani
779 2395 1000 2458 discuciantur.

361 2501 426 2588 (19)
459 2505 495 2569 tn
512 2509 609 2568 oollae
630 2526 694 2568 cam
712 2510 778 2588 sore
791 2509 899 2569 audeat
913 2508 1078 2570 conuenire.
1123 2508 1223 2569 Nemo
1239 2525 1310 2570 cum

277 2619 347 2682 fure
362 2615 478 2682 audeat
492 2617 674 2682 conuenire.
695 2619 722 2680 si
738 2627 842 2682 autem
858 2619 927 2702 quis
943 2617 1038 2683 fuerit
1052 2619 1131 2695 talis,
1154 2618 1311 2703 quinqua-

277 2733 362 2818 ginta
376 2731 514 2816 quiuque
528 2751 642 2814 pensas
656 2721 778 2814 perdat.

361 2841 428 2926 (20)
449 2843 540 2909 Nemo
560 2846 646 2906 ducat
673 2847 769 2924 [arom
790 2844 831 2904 ad
852 2845 945 2906 aliam
965 2846 1102 2908 iadicem.
1154 2844 1306 2908 Uolumus

277 2958 378 3020 eciam
399 2965 433 3020 ut
452 2957 477 3022 si
496 2958 565 3039 quis
584 2957 688 3020 iurem
709 2957 843 3038 ceperit,
865 2963 937 3020 autc
952 2957 1039 3020 illum
1055 2958 1189 3022 iudicem
1205 2957 1310 3019 diseu-

278 3071 376 3134 ciatur
391 3089 501 3142 causa,
522 3070 555 3130 in
571 3068 658 3130 cuius
672 3068 807 3130 termino
823 3075 931 3150 captus
946 3069 1040 3132 fuerit
1053 3070 1114 3132 fur.

360 3177 423 3264 (21)
446 3183 490 3243 Dc
502 3181 751 3260 astacapcioaibae.
771 3178 1001 3260 Usuoapciones
1017 3181 1179 3262 capiantur
1193 3199 1212 3241 a
1225 3177 1306 3242 festo

277 3313 302 3358 s.
317 3294 443 3376 Georgii
458 3311 558 3374 usque
575 3292 614 3353 ad
629 3289 745 3353 festum
760 3311 784 3352 a.
795 3291 919 3355 Ioannis
934 3292 1083 3374 Baptista.
1108 3301 1139 3354 et
1154 3293 1309 3354 ducantur

275 3408 309 3468 in
324 3407 492 3477 ciuitatem,
513 3410 739 3485 teneantorque
754 3423 854 3486 usque
870 3405 910 3466 ad
924 3403 1041 3468 festum
1057 3405 1155 3466 sancti
1169 3400 1308 3466 Michae-

276 3519 330 3591 lis,
353 3537 389 3580 ac
413 3523 635 3599 presentantur
657 3515 784 3578 assidue
809 3515 841 3578 in
867 3523 1025 3592 mercatu,
1046 3525 1081 3579 ut
1103 3517 1129 3580 si
1151 3517 1308 3598 quispiam

276 3649 366 3694 suam
394 3627 549 3708 repererit
576 3647 757 3710 personam,
794 3629 929 3692 redimat
954 3629 1126 3712 nonaginta
1152 3629 1307 3704 denariis,

278 3761 393 3822 equum
415 3740 598 3814 duodecim,
620 3740 736 3802 bouem
751 3740 901 3822 quinque.
935 3741 1103 3822 exquibus
1127 3741 1188 3802 due
1204 3749 1308 3822 partes

275 3851 360 3934 regi,
381 3859 445 3914 tres
468 3851 572 3915 comiti
593 3852 779 3914 tribuantur.
809 3851 835 3914 si
855 3871 933 3912 uero
953 3871 1053 3932 usque
1075 3851 1191 3913 festum
1214 3871 1239 3912 s.
1249 3852 1309 3912 Mi-

277 3962 392 4026 ehaelis
416 3963 536 4026 inuenti
564 3983 628 4026 non
656 3961 790 4036 fuerint,
825 3961 1005 4026 diuidautur
1027 3963 1172 4046 predicto
1201 3963 1308 4026 modo.

274 4077 381 4140 tamen
404 4075 490 4138 nullo
520 4081 612 4158 pacto
638 4074 816 4141 uendentnr
839 4073 892 4138 uel
919 4075 1074 4151 celentur,
1107 4074 1164 4138 sed
1187 4083 1310 4139 tantum

274 4190 382 4253 labore
398 4207 507 4252 eorum
520 4193 657 4250 utantur.
679 4186 706 4250 si
720 4185 870 4251 collector
882 4187 1064 4251 uendiderlt
1077 4184 1131 4251 uel
1147 4188 1310 4263 celauerit,

274 4299 403 4384 triplam
421 4297 551 4376 reddat,
572 4297 711 4382 ,ipseque
734 4299 844 4363 decem
865 4319 982 4384 pensas
1004 4299 1175 4383 persoluat.
1201 4316 1310 4364 comes
