3048 4760
274 393 337 464 ibi
377 409 835 458 numerumnunerum
848 407 1007 456 nossrrurr
1021 407 1062 452 ne
1077 405 1186 456 nosce.
1215 391 1307 456 teet.

277 572 498 632 extraneorum
517 571 643 630 exortes
660 562 742 626 inter
755 562 853 644 ipsos,
872 561 925 624 uel
944 560 1027 624 intra
1046 565 1146 626 metes
1159 559 1308 637 ciuitatis,

276 695 365 740 mere
380 674 538 757 hospitum
560 671 694 739 aliorum
708 693 780 738 cum
795 674 908 738 decem
921 670 1030 738 iuratis
1045 671 1228 736 conciuibue
1242 671 1307 738 suis

277 785 543 870 possitiudicere.

359 899 418 973 (2)
439 896 628 962 ordinamus
652 897 753 962 eciem
778 903 811 960 et
835 895 1062 969 concessimus,
1087 903 1124 958 ut
1143 895 1183 958 de
1205 895 1308 960 uineis

276 1011 418 1092 ipsorum
439 1007 574 1092 antiquis
594 1010 678 1074 etde
693 1029 778 1072 nouo
793 1007 938 1095 plantetis
953 1007 1006 1096 uei
1027 1007 1218 1089 plantandis,
1239 1006 1310 1071 nni·

278 1122 344 1186 lum
358 1121 516 1195 debitum,
537 1119 656 1184 scilicet
678 1141 737 1184 nec
757 1121 892 1195 atrones,
912 1120 966 1202 qui
983 1119 1153 1201 autgarius
1172 1119 1310 1184 obtusio-

227 1269 235 1283 =
278 1251 337 1298 nes
351 1231 506 1306 mouetur,
525 1231 696 1296 uel-eiiam
719 1232 856 1315 ediquem
871 1232 1068 1296 exactionem
1082 1229 1153 1294 uilo
1168 1249 1309 1314 unquam

278 1351 421 1428 ternpore
436 1345 512 1408 dere
527 1352 560 1408 et
574 1344 699 1408 soluere
713 1353 891 1412 teneantur.

363 1455 424 1532 (3)
446 1458 594 1520 Preietos
622 1457 853 1530 concessimus,
886 1455 972 1540 quod
1000 1457 1126 1521 racione
1150 1457 1231 1520 siine
1257 1457 1310 1521 uei

277 1567 453 1650 lignorum,
474 1577 527 1633 aut
540 1568 755 1650 quorumlibet
767 1567 980 1642 edificiorum,
1002 1567 1108 1632 comiti
1121 1577 1309 1634 aenatorum

279 1697 339 1759 pro
353 1685 496 1760 tempere
511 1677 680 1742 constituto
695 1678 815 1741 nullum
827 1677 984 1754 debitum,
999 1686 1031 1742 et
1045 1677 1161 1743 nubem
1173 1654 1310 1744 solucio-

280 1807 355 1852 nem
368 1789 443 1852 dare
459 1787 607 1853 debeant.

364 1899 425 1978 (b)
458 1900 679 1964 Concessinsus
703 1903 835 1984 insuper
857 1902 977 1966 eisdem
1003 1910 1129 1986 portum
1156 1903 1190 1966 in
1217 1901 1312 1966 cnu-

279 2011 410 2076 icnsz
418 2013 607 2080 -transeundi
620 2012 704 2076 inira
717 2012 877 2076 ciuitatem
892 2013 1135 2088 Posoniensem‚
1161 2013 1194 2076 in
1209 2015 1311 2096 capite

280 2123 369 2188 tuuii
394 2121 557 2186 Cbeiiowo
580 2124 782 2200 existentem,
810 2123 865 2188 ubi
890 2132 975 2188 terra
999 2127 1039 2188 ab
1063 2135 1196 2210 utraque
1221 2133 1312 2208 parte

281 2236 380 2318 ipsius
399 2236 487 2300 tluuii
509 2235 647 2320 pertinet
667 2238 707 2300 ed
729 2237 862 2302 eandem
885 2237 1043 2301 ciuitatem
1065 2244 1220 2312 nostram,
1240 2253 1311 2300 cnm

280 2347 412 2411 utilitate
436 2347 536 2428 ipsius
559 2355 671 2430 portus
698 2356 854 2430 perpetuo
881 2347 1124 2430 possidendum,
1155 2349 1198 2412 ita
1225 2347 1311 2432 quod

281 2477 379 2524 nsues
394 2465 426 2522 et
440 2467 552 2522 nautas
565 2459 598 2520 in
612 2457 682 2541 ipso
697 2459 795 2522 fluuio
810 2479 868 2541 pro
883 2478 942 2523 sno
957 2461 1139 2535 commodo,
1160 2479 1240 2544 qnos
1253 2481 1312 2524 uo-

281 2569 414 2644 iuerint,
441 2570 652 2634 conseruandi
674 2579 707 2636 et
728 2572 857 2634 tenendi
877 2571 1009 2636 liberum
1028 2572 1191 2636 habebunt
1214 2569 1312 2635 fecul-

278 2687 389 2746 tatem.
448 2682 461 2732 .'

363 2794 425 2869 (b)
447 2791 617 2857 statuimus
635 2793 775 2876 insuper,
797 2803 832 2859 ut
847 2815 918 2858 cum
932 2795 1028 2857 iidem
1047 2794 1188 2878 hospites
1211 2795 1310 2859 nostri

281 2924 353 2968 cum
367 2905 431 2970 suis
445 2905 601 2968 mercibus
615 2904 669 2968 uei
683 2907 826 2970 curribus
841 2907 1021 2994 ubicunque
1037 2907 1068 2968 in
1088 2927 1192 2990 regno
1204 2914 1311 2970 nostro

280 3035 376 3082 causa
388 3016 550 3080 mercandi
563 3015 724 3080 noluerint
734 3016 912 3100 proficisci,
932 3035 991 3080 nee
1007 3019 1046 3081 de
1061 3017 1229 3092 mercibus,
1252 3013 1312 3080 neb

281 3129 321 3192 de
343 3129 430 3210 equis
450 3127 504 3190 uel
525 3128 667 3210 personis
683 3145 793 3192 eorum
809 3148 879 3191 cum
896 3131 1054 3192 mercibus
1069 3137 1102 3193 et
1114 3131 1183 3192 sine
1198 3129 1314 3192 merci·

281 3242 340 3303 bus
362 3239 507 3304 euntibus
527 3246 560 3302 ot
579 3239 784 3303 redeuntibus
805 3236 925 3302 nullum
945 3241 1109 3315 tributum,
1130 3239 1312 3322 nubiumque

283 3352 496 3424 exactionem,
510 3349 659 3414 uidelicet
673 3349 706 3412 in
720 3359 818 3432 portu*
828 3351 1027 3426 Posoniens'i,
1042 3353 1068 3416 si
1082 3369 1193 3416 uersus
1204 3351 1313 3414 Haim-

281 3464 433 3546 burqam‚
458 3463 491 3524 in
513 3469 607 3543 portu
623 3459 768 3537 Obulotv,
790 3464 823 3526 in
843 3463 987 3539 leubus,
1013 3464 1048 3528 in
1068 3464 1200 3527 transitu
1214 3455 1314 3528 nunti

282 3575 451 3648 Mornuue,
473 3580 506 3636 et
517 3574 550 3636 in
564 3572 632 3635 aliis
651 3572 729 3636 iocis
744 3573 984 3658 quibuscunque
1004 3576 1037 3638 in
1050 3577 1200 3640 comitatu
1214 3555 1315 3640 Pose-

282 3685 398 3760 triensi,
419 3693 452 3749 et
465 3683 540 3748 abas
553 3683 607 3748 ubi
621 3683 771 3748 tributum
786 3686 868 3769 exigi
882 3687 1062 3761 consueuit,
1083 3687 1209 3750 soluere
1223 3696 1313 3750 tene-

281 3803 385 3864 entur.

276 3901 280 3911 '
365 3909 424 3984 (6)
445 3910 523 3972 Item
536 3909 684 3972 uolumus
705 3917 739 3973 ut
753 3911 793 3973 de
807 3909 986 3974 bominibus
996 3931 998 3934 ·
1008 3911 1052 3974 ad·
1064 3911 1222 3974 ciuitatem
1237 3927 1315 3974 uan-

280 4023 354 4086 dem
369 4040 465 4084 causa
480 4021 695 4086 commorandi
709 4023 749 4086 de
764 4022 955 4106 quibuslibet
973 4021 1056 4085 uitiis
1081 4033 1113 4087 et
1132 4021 1312 4086 ciuitatibus

280 4135 482 4197 uenientibus
515 4133 569 4196 uel
601 4153 637 4198 se
663 4135 924 4200 transferentibus
952 4135 1072 4199 nullum
1100 4135 1251 4201 tributum
1278 4135 1313 4197 in

282 4245 389 4311 eundo
404 4247 577 4330 exigam.-
697 4278 701 4286 1
750 4265 777 4278 ‘⁴
