2920 4758
339 424 385 480 ,nr
407 422 610 472 conocrusru
632 423 905 470 ancumcrscoros.
949 408 1038 470 1212.
1142 407 1206 472 tor

258 575 305 660 (1)
327 578 431 642 Prima
441 576 609 642 coronacio
623 595 734 657 regum
743 577 878 659 Ungarie
893 577 1072 659 specialiter
1086 587 1207 661 spectat

173 690 217 752 ad
231 689 332 751 solam
347 688 593 770 strigoniensem
608 687 783 750 ecclesiam.
809 697 1028 751 uerumtamen
1047 690 1072 751 si
1088 690 1207 776 strigo·

170 800 294 863 niensis
313 819 378 862 non
403 806 511 879 posset
532 797 583 861 uel
606 777 767 862 maliciose
787 799 885 862 nollet
906 819 1014 880 regern
1037 819 1207 875 coronare,

171 911 227 972 uel
252 908 475 992 strigoniensis
501 907 636 970 ecclesia
659 916 802 981 uacaret,
831 915 961 971 coronet
981 929 1090 990 regem
1114 909 1207 972 Colo-

172 1021 294 1093 censis,
316 1019 437 1080 nullum
452 1039 491 1081 ex
506 1017 559 1080 tali
574 1018 783 1080 coronacione
806 1019 856 1082 ius
875 1019 933 1080 sibi
954 1021 1153 1082 nendicando
1173 1021 1207 1082 in

173 1131 277 1213 prima
297 1130 516 1192 coronacione.
547 1130 687 1193 secunda
708 1130 875 1192 coronario
896 1130 926 1192 ei
946 1131 1094 1212 deinceps
1109 1151 1207 1214 equa-

170 1241 245 1304 liler
259 1241 416 1324 pertineat
430 1242 470 1302 ad
485 1249 663 1322 utrumque.

258 1349 305 1432 (2)
326 1353 371 1413 De
397 1358 555 1432 prouentu
579 1358 705 1414 monete
730 1348 851 1414 decima
872 1353 1027 1434 pertineat
1046 1355 1086 1415 ad
1106 1354 1206 1416 cccle-

171 1463 256 1526 siam
269 1462 529 1542 Strigoniensem,
552 1461 730 1542 ubicunque
751 1461 784 1524 in
800 1483 898 1544 regno
910 1463 1043 1544 Ungnrie
1064 1465 1205 1528 cudatur.

173 1573 263 1656 quod
288 1571 314 1635 si
338 1573 410 1635 cudi
434 1571 563 1634 desierit
589 1569 743 1654 generalis
778 1581 904 1636 moneta
928 1573 1029 1636 tocius
1053 1574 1206 1656 Ungarie,

173 1684 331 1770 quidquid
346 1682 415 1746 loco
430 1683 585 1765 generalis
607 1693 734 1746 monete
754 1685 955 1759 successerit,
977 1685 1131 1747 decimam
1149 1685 1205 1747 ha·

173 1795 251 1858 beat
264 1793 487 1875 strigoniensis
501 1793 645 1856 ecelesia.

260 1901 308 1985 (3)
329 1903 551 1986 strigoniensis
566 1903 822 1986 archiepiscopus
836 1907 1001 1968 renunciat
1014 1906 1100 1968 omni
1114 1907 1205 1969 iuris·
1265 1980 1268 1986 ¹

174 2013 306 2078 dictioni
322 2023 353 2077 et
366 2015 426 2076 iuri
440 2015 607 2095 spirituali,
626 2016 711 2098 quod
726 2015 860 2079 babebat
874 2017 927 2080 uel
941 2019 1060 2081 habere
1074 2020 1205 2080 uideba-

174 2133 226 2188 tur
241 2127 273 2188 in
289 2105 450 2208 prouincia
465 2125 648 2200 Colocensi,
668 2135 775 2209 preter
791 2129 943 2190 decimam
958 2137 1099 2203 monete,
1120 2131 1146 2191 si
1161 2129 1205 2192 ibi

175 2233 374 2318 contingeret
391 2235 544 2298 fabricari.

258 2345 308 2430 (l)
330 2347 481 2409 Iudicium
497 2347 677 2410 officialium
694 2350 805 2414 domus
828 2352 913 2433 regie
928 2350 1059 2434 quilibet
1082 2352 1205 2434 episco-

173 2484 236 2547 pus
251 2461 367 2524 habeat
385 2461 417 2522 in
436 2481 495 2523 sua
515 2463 673 2542 parochia.
702 2463 857 2526 exhibicio
873 2471 1139 2526 sacramentorum
1153 2485 1205 2526 re-

173 2576 266 2658 gibus
289 2581 444 2636 eteorum
462 2573 585 2647 liberis,
608 2581 669 2636 tam
685 2576 724 2636 ad
739 2576 824 2655 ipsos
840 2575 1093 2656 archiepiscopos
1108 2595 1203 2657 quam

174 2685 214 2748 ad
230 2684 308 2748 alios
323 2684 490 2766 episcopos
504 2685 537 2746 in
551 2685 614 2746 suis
630 2685 784 2766 parochiis
800 2685 955 2766 pertineat
970 2705 1027 2766 pro
1042 2683 1205 2750 uoluntate

172 2795 267 2879 regis.

256 2905 305 2988 (5)
327 2907 523 2970 [nomnibus
540 2907 608 2970 aliis
622 2907 746 2988 utrique
762 2907 895 2970 ecclesie
911 2905 979 2968 iura
999 2927 1056 2968 sua
1076 2927 1203 2969 conser-

172 3025 289 3080 uentur
303 3015 392 3079 illesa
407 3025 438 3080 et
452 3018 697 3080 consuetudines
712 3019 851 3100 antique.
872 3018 973 3099 siqua
988 3024 1091 3080 autem
1105 3017 1204 3098 priui-

172 3129 257 3212 legia
278 3131 331 3191 uel
351 3130 520 3211 rescripta,
542 3129 795 3212 quandocunque
816 3129 938 3211 prolata
957 3129 1075 3191 luerint
1097 3132 1204 3192 contra

173 3239 258 3303 hanc
283 3241 433 3314 formam,
455 3240 539 3303 uires
562 3260 627 3302 uon
649 3240 802 3314 habeant,
823 3239 910 3302 salua
924 3239 957 3300 in
972 3239 1114 3301 omnibus
1130 3259 1203 3302 auc-

174 3354 299 3414 toritate
323 3352 504 3431 apostolica.
534 3353 647 3434 quodsi
663 3371 744 3434 papa
758 3371 822 3412 non
839 3351 1076 3432 approbauerit,
1098 3351 1204 3426 ressit

175 3462 206 3523 in
222 3481 261 3523 eo
277 3469 358 3524 statu
373 3461 405 3522 iu
421 3481 484 3542 quo
500 3479 584 3523 nuuc
600 3471 657 3524 est.

257 3573 444 3635 lurauerunt
466 3574 558 3635 ambo
583 3573 808 3654 archiepiscopi
832 3580 863 3635 et
883 3593 991 3636 eorum
1014 3573 1205 3653 suffraganei

175 3686 229 3767 qui
245 3693 411 3765 presentes
431 3693 534 3759 eranl,
555 3704 615 3747 neo
635 3704 699 3746 non
714 3693 745 3746 et
759 3685 937 3766 prepositus
953 3684 1204 3764 Quinqueeccle-

175 3795 307 3868 siensis,
331 3795 385 3876 qui
401 3795 470 3856 uice
485 3795 602 3856 domini
617 3796 665 3857 sui
679 3796 819 3878 episcopi
834 3795 999 3867 intererat,
1021 3813 1158 3856 necnon
1173 3800 1205 3858 et

174 3911 398 3987 procuratores
414 3905 620 3988 capitulorum
643 3906 806 3988 utriusque
821 3905 971 3980 ecclesie,
993 3906 1077 3988 quod
1092 3925 1204 3968 secun-

176 4017 250 4078 dum
275 4015 406 4078 formem
435 4017 640 4099 prescriptam
667 4016 838 4080 bonafide
863 4035 974 4099 paoem
998 4017 1204 4100 prescriptam

175 4127 391 4191 obseruabuut
406 4132 438 4190 ct
451 4127 519 4191 sine
533 4127 645 4190 fraude
656 4128 696 4192 de
711 4126 952 4192 confirmacione
966 4127 1161 4194 laborabunt.

594 4297 792 4322 m
