2920 4758
96 393 233 442 numan
249 396 293 442 rr.
307 393 398 444 arere
413 396 561 442 etaemus
576 392 733 442 nosrrrrm
747 395 778 443 ur
792 395 954 440 mansam.
987 374 1076 440 lili.
1118 373 1178 438 i53

98 546 302 624 tisfaciat,
325 559 356 614 et
368 550 437 614 leso
451 551 563 632 uiginti
578 550 717 634 quinque
733 567 861 630 pensus,
883 548 1021 630 quinque
1042 565 1119 608 uero
1139 545 1179 610 ad

102 678 221 723 usus
238 655 377 724 ciuitatis
394 663 566 744 persoluat..

229 771 278 855 (6)
301 775 332 836 Si
356 793 432 836 uero
457 774 489 834 iu
513 775 617 856 aliquo
640 775 852 838 membrorum
877 737 1052 834 debilitatus
1070 771 1180 844 fuerit,

108 886 275 948 medico
297 875 355 948 lesi
376 885 562 960 satisfaciat,
585 893 615 948 et
633 886 700 948 leso
720 887 830 948 decem
850 903 985 958 marcas,
1006 891 1037 944 et
1051 883 1089 945 ad
1105 903 1180 946 usus

114 995 287 1059 ciuitatis
303 997 413 1058 decem
427 1015 541 1077 pensas
556 997 680 1058 soluere
696 1003 849 1058 teneatur.

235 1103 281 1186 (7)
304 1106 335 1166 Si
350 1127 429 1168 uero
445 1114 584 1168 mortuus
605 1106 715 1180 suerit,
738 1108 799 1170 due
815 1115 918 1188 partes
933 1127 1038 1168 rerum
1054 1125 1181 1167 suarum

123 1219 267 1279 cedant
281 1217 461 1296 parentibus
478 1217 590 1290 occisi,
611 1218 708 1280 tercia
728 1237 801 1298 pars
823 1217 948 1279 ciuitati.
973 1216 999 1278 si
1015 1236 1092 1278 uero
1109 1235 1181 1295 cap-

125 1339 200 1393 tus
214 1329 326 1402 fucrit,
347 1330 797 1394 secundumconsuetudinem
819 1331 858 1391 de
879 1329 948 1410 ipso
969 1329 1109 1390 uindicta
1129 1349 1181 1390 su-

130 1447 267 1514 matur,
288 1441 347 1502 nisi
362 1441 432 1522 quis
451 1441 483 1500 in
505 1440 578 1502 ludo
593 1440 660 1502 sine
675 1439 881 1520 premeditata
901 1439 1024 1502 malicia
1045 1439 1181 1522 aliquem

132 1552 357 1616 interfecerit.
377 1535 410 1614 in
424 1552 486 1613 hoc
501 1553 584 1614 enim
600 1569 674 1614 casu
688 1557 813 1616 centum
827 1571 940 1632 pensas
955 1553 1074 1631 agnatis
1086 1551 1182 1613 inter-

138 1665 247 1738 fecti,
271 1663 380 1746 niginti
400 1683 477 1724 uero
494 1683 606 1744 pensas
622 1665 661 1724 ad
677 1683 860 1725 communes
881 1683 957 1725 usus
975 1662 1121 1724 refundat
1134 1663 1183 1724 in-

140 1768 314 1842 terfector.
344 1775 393 1835 cui
409 1775 434 1836 si
448 1774 611 1837 facultates
625 1794 690 1836 uon
704 1761 903 1847 suffecerint,
926 1773 1039 1836 ciuium
1056 1773 1183 1836 arbitrio

144 1887 360 1969 relinquatur.

238 1995 282 2080 (7)
303 2000 380 2060 Item
395 1989 421 2058 si
437 1998 506 2079 quis
521 1998 560 2060 de
576 1999 732 2058 extraneis
748 1997 866 2058 intrans
881 1995 1051 2071 ciuitatem,
1069 1999 1136 2060 siue
1151 1999 1184 2060 in

149 2109 239 2182 uice,
260 2108 328 2171 siue
343 2108 375 2170 iu
392 2109 502 2182 domo,
524 2109 590 2169 siue
606 2108 637 2167 in
652 2107 734 2181 foro,
757 2107 869 2168 similia
885 2115 1028 2188 utsupra
1042 2117 1182 2170 notatum

151 2230 205 2284 est
225 2219 469 2300 perpetrauerit,
490 2237 548 2298 per
566 2217 703 2280 iudicem
728 2218 860 2280 ciuitatis
884 2219 1049 2292 iudicetur,
1072 2227 1103 2280 et
1124 2219 1184 2280 eis-

153 2333 230 2393 dem
244 2330 334 2410 penis
350 2329 511 2391 subiaceat
524 2330 759 2392 condemnatus.
783 2355 786 2360 ¹

241 2439 286 2522 (8)
309 2441 341 2502 Si
359 2460 437 2502 uero
454 2461 493 2503 ex
506 2439 615 2501 incolis
630 2441 764 2502 ciuitatis
780 2442 907 2524 aliquis,
928 2443 994 2504 siue
1018 2451 1185 2506 extraneus

152 2555 240 2617 inira
254 2552 404 2615 terminos
421 2553 553 2614 ciuitatis
568 2553 600 2613 iu
621 2551 704 2612 furto
719 2553 771 2614 uel
791 2551 952 2617 latrocinio
969 2556 1184 2636 deprehensus

154 2666 268 2738 fuerit,
290 2663 479 2744 perlatrices
495 2663 627 2734 ciuitatis
644 2664 798 2744 puniatur.

240 2773 286 2856 (9)
306 2775 384 2836 Item
399 2773 427 2834 si
441 2773 510 2855 quis
523 2782 690 2836 extraneus
707 2773 842 2856 aliquem
858 2777 896 2837 de
909 2777 1033 2840 ciuitate
1048 2777 1080 2839 in
1091 2799 1186 2842 causa

152 2885 339 2970 pecuniaria
358 2884 413 2946 uel
428 2883 513 2946 illata
530 2884 646 2946 ‘iniuria
660 2884 797 2946 noluerit
810 2888 995 2961 conuenire,
1018 2909 1124 2950 coram
1137 2891 1186 2952 iu-

153 2999 230 3060 ·dice
247 2997 380 3080 ciuitatis
394 2996 610 3069 conueniatur,
632 2989 663 3057 et
682 2996 766 3058 nulla
787 3016 882 3058 causa
902 2999 942 3058 ad
957 2999 1093 3062 duellum
1108 3001 1188 3063 iudi-

158 3115 256 3180 cetur,
278 3107 334 3169 sed
348 3127 405 3186 per
419 3114 514 3168 testes
528 3114 562 3170 et
575 3106 749 3168 iuramenta
763 3107 957 3182 terminetur,
979 3109 1045 3170 siue
1061 3111 1100 3172 sit
1114 3131 1186 3172 cum
1206 3117 1213 3132 '

158 3217 319 3281 extraneis
339 3217 406 3280 siue
430 3235 501 3278 cum
523 3217 690 3298 indigenis.
720 3224 816 3280 testes
838 3225 942 3280 autem
958 3218 1187 3282 eiusdem-con-

156 3325 293 3420 dicionis
311 3334 342 3387 et
355 3325 519 3399 libertatis,
541 3327 629 3388 cuius
644 3327 710 3400 isti,
733 3336 938 3390 assumantur.

245 3433 309 3518 (10)
330 3437 452 3498 Eodem
467 3438 560 3498 modo
576 3437 644 3500 siue
655 3445 827 3500 ‘extraneus
848 3440 989 3502 inueniat
1003 3443 1087 3522 apud
1101 3443 1188 3506 inco-

159 3549 225 3622 las,
252 3546 319 3607 siue
340 3545 443 3608 incole
466 3547 549 3627 apud
574 3555 739 3610 extraneos
762 3567 877 3630 equum
905 3559 957 3612 aut
977 3553 1110 3626 bouem,
1136 3564 1190 3617 aut

161 3657 283 3739 aliquas
300 3677 352 3718 res
373 3657 522 3731 furtiuas,
549 3675 674 3737 semper
697 3664 808 3732 testes,
838 3667 871 3720 ut
891 3681 986 3742 supra
1005 3662 1120 3724 dictum
1142 3672 1191 3726 est

160 3769 387 3851 producantur.
554 3759 556 3765 ¹
892 3777 894 3782 ’
1167 3776 1169 3782 ’

244 3877 310 3962 (11)
333 3881 412 3941 item
427 3879 512 3942 ciues
529 3881 567 3943 de
584 3881 723 3961 predicta
738 3881 881 3958 ciuitate,
902 3881 954 3946 uel
974 3885 1189 3970 iohbagycnes

155 3992 203 4054 de
217 3991 311 4084 uillis,
331 3999 365 4060 et
379 3991 418 4054 ad
432 3993 533 4074 ipsam
548 3977 786 4074 pertinentibus,
808 3975 869 4078 que
884 4015 983 4078 prope
997 3994 1189 4060 territorium

162 4102 262 4184 ipsius
277 4101 411 4164 ciuitatis
425 4094 542 4166 fuerint
555 4093 630 4178 site,
651 4103 766 4182 nullius
788 4105 920 4181 iudicio,
941 4099 1131 4170 nisiiudicio
1147 4107 1191 4170 ci-

163 4205 407 4278 uiutis'adsta'r'e
420 4205 595 4278 teneantur.
654 4204 657 4210 ’
746 4203 750 4209 ’
