2920 4758
274 421 335 487 378
456 385 633 487 coronano
659 438 749 486 mors
776 437 990 488 cousrmumo.
1033 426 1124 490 1111.

353 599 413 674 (2)
435 597 548 660 Postea
562 595 776 660 necessarium
789 595 934 659 11111111
948 613 1018 659 cum
1033 595 1200 680 utriusque
1215 597 1310 681 regni

269 709 420 772 uniuerso
436 707 575 781 consilio,
589 715 623 770 ut
637 727 698 790 qua
713 705 856 770 libertate
871 706 1019 770 fruuntur
1033 707 1139 770 clerici
1153 708 1309 791 Hugarim

269 819 415 882 11111111
438 825 469 880 11
491 818 596 880 elerici
610 816 785 891 Dalmacie,
807 816 926 879 scillcet
939 825 974 880 ut
989 816 1227 901 qualiscumque
1246 841 1307 904 po-

270 932 373 996 tenoie
398 931 499 1014 sigillo
523 951 588 993 non
614 931 814 1011 stringantur,
846 931 902 993 sed
927 921 997 992 solo
1023 930 1246 1012 episcoporum
1270 939 1304 996 et

271 1041 564 1108 archidiaconorum
589 1061 716 1104 suorum
738 1041 839 1122 sigillo
864 1050 895 1104 et
915 1041 1030 1106 iudicio
1053 1043 1124 1125 lege
1149 1062 1304 1108 canonum

272 1162 425 1238 cogantur
439 1163 471 1218 et
483 1156 673 1218 iudicentur.
953 1239 959 1246 .

352 1269 414 1342 (¹3)
444 1267 512 1330 Hoc
545 1267 639 1330 modo
670 1265 935 1340 decimacionem,
968 1265 1237 1348 quemadmodum
1270 1267 1304 1330 iu

269 1374 447 1462 Hungaria,
469 1377 624 1459 accipiant
646 1377 821 1460 prestuldus
842 1378 926 1464 regis
948 1397 1019 1440 cum
1037 1378 1206 1460 prastaldis
1221 1379 1305 1460 epis-

270 1507 433 1572 coporum.
463 1510 501 1552 ex
517 1490 731 1552 decimacioue
747 1490 886 1570 episcopi
902 1489 961 1570 ipsi
979 1489 1133 1569 accipiant
1147 1489 1303 1552 decimam

268 1609 407 1685 partem,
438 1621 477 1663 ex
500 1621 562 1683 qua
585 1601 764 1682 prestaldud
785 1601 869 1683 rogis
891 1599 1052 1662 dimidiam
1073 1608 1198 1682 partem
1220 1600 1304 1663 illius

268 1713 492 1778 decimacionis
512 1711 654 1793 accipiat.
682 1713 833 1793 prestaldi
853 1732 930 1775 uero
945 1713 1037 1776 aliam
1052 1711 1211 1774 dimidiam
1233 1731 1305 1774 cum

270 1823 380 1886 curiali
408 1824 521 1886 comite
550 1823 599 1896 sui
627 1824 767 1904 episcopi
795 1843 851 1904 per
869 1824 1008 1886 medium
1028 1823 1180 1885 diuidant.
1210 1831 1242 1885 et
1260 1823 1305 1885 sic

270 1935 395 1996 curialis
417 1953 522 1996 comes
538 1933 698 1996 dimidiam
720 1933 779 1996 sihi
798 1930 928 2009 haheat,
949 1933 1100 2017 prestaldi
1120 1954 1196 1997 uero
1212 1933 1304 1997 aliam

270 2047 431 2110 dimidiam
445 2046 528 2110 inter
542 2067 578 2109 se
592 2047 743 2110 11111111.

351 2159 526 2223 1111111111
551 2157 603 2220 lV.
629 2157 736 2222 datum
762 2168 809 2222 est
833 2155 894 2220 hoc
920 2149 1119 2242 priuilegium
1142 2157 1225 2224 dicte
1247 2157 1305 2222 11-

268 2273 359 2336 hensi
390 2271 523 2336 ecclesie
557 2292 613 2354 per
637 2291 748 2332 manus
775 2270 966 2333 uenerabilis
992 2271 1159 2334 Laurencii
1184 2269 1304 2354 Strigo-

269 2386 388 2448 niensis
407 2383 649 2466 archiepiscopi,
677 2391 830 2465 perpetuo
853 2403 892 2446 ex
915 2384 1117 2446 concessione
1139 2381 1303 2446 Colomani

270 2495 354 2576 regis
369 2475 543 2576 Humanis,
558 2493 716 2557 Dalmacle
732 2501 825 2578 atque
838 2493 983 2568 Croacie,
997 2494 1030 2554 in
1044 2494 1213 2576 presencia
1229 2513 1302 2564 suo-

270 2624 339 2668 rum
355 2605 574 2686 episcoporum
594 2625 631 2666 ac
646 2606 811 2680 comitum,
831 2625 967 2688 quorum
986 2606 1114 2668 nomina
1132 2605 1193 2668 hec
1213 2613 1300 2670 sunt:

269 2716 409 2780 Marcelli
423 2715 581 2780 Uaciensis
604 2715 761 2798 episcopi,
793 2716 929 2778 Simonis
950 2715 1300 2798 Quinqueecclesiensis

269 2827 419 2911 episcopi.
448 2828 564 2890 Mathai
578 2827 814 2908 Uespremeusis
837 2827 988 2908 episcopi.
1016 2826 1143 2908 Georgii
1159 2825 1301 2889 (111111-

270 2943 312 3004 sis
325 2942 475 3024 episcopi.
497 2941 573 3004 Sixti
584 2939 781 3002 Uaradiensis
793 2939 945 3019 episcopi.
967 2939 1106 3000 'fulberti
1117 2938 1301 3002 Colocensir

271 3053 420 3135 episcopi.
442 3053 596 3116 Comitum
608 3071 703 3114 uero:
718 3050 843 3112 loannis
854 3049 981 3132 palatini
993 3049 1125 3112 comitis.
1148 3049 1303 3122 Claodiui',

269 3165 383 3240 Marci,
415 3165 514 3240 Sauli,
546 3165 685 3237 Sauniei,
717 3163 867 3244 Ugareni,
899 3162 1089 3236 Theohaldi,
1121 3162 1246 3226 landini
1272 3167 1303 3224 et

269 3277 586 3360 quamplurimorum
602 3275 733 3336 aliorum
747 3273 995 3342 dalmatinorum
1010 3273 1247 3356 episcoporum,
1271 3284 1303 3339 et

269 3389 483 3451 asserenoium
512 3394 544 3448 et
567 3385 823 3459 testificandum,
852 3405 910 3469 per
933 3405 1066 3468 quorum
1086 3385 1302 3449 testimonium

270 3499 415 3582 probauit
436 3497 596 3579 predictus
614 3497 723 3577 presul
745 3497 826 3558 dicta
845 3497 995 3560 Alliensis
1018 3498 1154 3562 ecclesia
1175 3517 1304 3580 semper

268 3611 313 3672 ita
336 3608 506 3672 habuisset.
535 3607 712 3668 Crescencii
736 3607 927 3689 Spalatensis
949 3609 1192 3690 archiepiscopi,
1219 3610 1304 3672 Ana·

267 3719 357 3786 ¹stasii
377 3719 554 3782 Tinniensis
577 3719 730 3800 episcopi,
757 3721 884 3782 Ioannis
904 3721 1120 3802 Tragurieusis
1144 3721 1303 3802 episcopi,

269 3834 347 3895 Bani
367 3832 511 3894 Alliensis
531 3829 680 3912 episcopi.
706 3827 804 3892 Marci
828 3829 985 3892 ledrensis
1011 3831 1163 3913 episcopi.
1195 3831 1305 3894 Domi-

269 3945 331 4007 nici
345 3943 519 4024 chlieusis
534 3943 684 4025 episcopi.
704 3933 789 4004 Petri
802 3942 989 4006 Absarensis
1004 3942 1143 4024 episcopi
1158 3949 1191 4005 et
1206 3961 1304 4026 genc-

268 4055 344 4118 ralis
359 4053 477 4116 domini
489 4055 571 4136 regis
587 4049 684 4116 curie.
713 4059 745 4116 et
758 4060 793 4116 11
806 4051 1081 4134 hoepriuilegium
1095 4061 1248 4117 1111111111
1271 4060 1304 4117 11

268 4165 379 4230 stabile
405 4173 558 4248 perpetuo
572 4170 781 4246 1111111111,
812 4171 920 4227 nostro
945 4164 1090 4229 iubemus
1116 4165 1222 4250 sigillo
1242 4166 1305 4230 111·

269 4277 362 4362 primi
380 4283 475 4362 atque
495 4275 648 4340 roborari.

618 4395 957 4420 'em
