2920 4758
357 410 417 478 ibt
458 429 545 476 rann
561 432 601 476 rv.
616 431 705 476 mars
718 429 869 476 enarras
884 429 1042 476 nosrrruu
1057 429 1089 474 rr
1101 429 1265 478 masania.
1297 411 1388 478 tata

355 584 496 646 sentibus
511 604 605 665 quam
620 584 755 665 posteris
768 584 881 646 barum
895 583 975 646 serie
991 581 1198 658 declaramus,
1212 584 1299 664 quod
1316 603 1387 645 eum
1440 547 1443 664 i

355 704 462 758 nostre
490 693 659 775 placuisset
681 694 850 769 uoluntati,
876 695 909 756 in
930 695 1081 778 Zagrabia
1102 695 1134 756 in
1153 704 1261 757 monte
1283 695 1386 758 Greeb

357 806 517 868 ciuitatem
539 807 669 868 liberam
693 815 891 880 construere,
923 815 954 870 et
975 807 1090 870 ibidem
1105 807 1246 888 hospites
1269 825 1386 868 conuo-
1441 779 1443 880 i

357 937 445 992 care,
467 917 595 980 stillam
613 926 732 998 partem
753 918 842 1000 regni
863 919 902 980 ad
925 918 1125 980 securitatem
1140 917 1268 980 confinii
1283 927 1316 980 et
1328 917 1384 980 alia
1441 977 1443 1008 4

356 1029 519 1092 commoda
534 1029 656 1090 munire
673 1036 703 1090 et
721 1027 860 1102 firmare,
883 1037 1058 1090 conuocato
1079 1028 1227 1102 consilio,
1249 1049 1322 1091 cam
1343 1029 1384 1092 di·
1441 1077 1443 1120 p

355 1141 437 1204 lecto
454 1149 485 1203 et
498 1139 584 1202 fideli
599 1147 706 1202 nostro
721 1139 860 1202 Diouisio
874 1139 961 1200 Bano
977 1139 1075 1201 tocius
1091 1140 1257 1201 Solanonie
1274 1149 1306 1202 et
1320 1141 1382 1202 aliis
1441 1139 1443 1180 t

355 1253 446 1333 regni
468 1251 674 1332 principibus,
696 1257 835 1312 nostram
858 1249 940 1312 hanc
959 1250 1173 1312 intencionem
1192 1260 1224 1314 et
1244 1251 1382 1312 uolunta
1441 1211 1443 1308 i

356 1372 419 1426 tem
438 1361 628 1424 unanimiter
647 1361 908 1442 approbantibus,
936 1369 1078 1423 nostrum
1097 1362 1297 1443 propositum
1317 1383 1382 1444 per-

357 1476 502 1538 duximus
527 1475 558 1536 in
584 1475 747 1546 ellectum,
775 1474 984 1536 concedentes
1009 1479 1043 1536 ut
1060 1473 1092 1534 in
1113 1473 1259 1554 predicto
1281 1483 1379 1536 monte

355 1587 460 1670 libera¹
480 1586 587 1647 ciuitas
612 1583 682 1658 fiat,
711 1584 851 1665 hospites
875 1583 974 1645 libere
999 1583 1206 1658 conueniant,
1232 1592 1330 1647 terras
1352 1593 1379 1646 et
1442 1603 1443 1606 ’

355 1698 583 1779 possessiones,
596 1695 795 1758 condiciones
811 1704 842 1756 et
855 1693 1012 1756 libertates
1027 1714 1046 1755 a
1059 1693 1149 1756 nobis
1166 1696 1339 1778 assignatas
1352 1703 1378 1756 et

357 1807 547 1887 subscriptas
576 1806 727 1878 babeant,
758 1813 888 1868 teneant
915 1813 945 1868 et
970 1805 1146 1868 custodiant
1173 1807 1377 1870 inconcussas.

357 1917 558 1980 condiciones
579 1917 686 1998 itaque
707 1924 739 1978 et
757 1916 915 1980 libertates
930 1915 1088 1996 hospitum
1103 1916 1331 1995 predictorum,
1349 1919 1376 1978 in
1442 1929 1443 1934 ’

357 2029 497 2110 predicto
522 2036 628 2090 monte
649 2027 862 2090 habitancium
879 2035 910 2090 et
931 2027 1206 2101 conueniencium,
1229 2047 1306 2109 quas
1325 2027 1375 2110 ipsi

356 2141 439 2202 inter
453 2160 487 2202 se
506 2139 659 2212 lecerunt,
680 2145 711 2200 et
725 2159 783 2202 nos
797 2139 1017 2220 approbamus,
1038 2137 1116 2200 tales
1128 2138 1268 2208 babent:

438 2247 483 2331 (1)
506 2249 599 2324 Quod
614 2249 639 2310 si
654 2249 750 2310 iidem
764 2249 906 2330 hospites
920 2248 953 2310 in
968 2249 1110 2312 districtu
1124 2249 1297 2332 Hungarie,
1312 2249 1374 2310 Dal·
1442 2253 1443 2298 1

358 2363 474 2435 macie,
496 2361 641 2434 Croacie,
667 2358 832 2422 Sclauonie
855 2361 978 2442 spoliati
1000 2381 1058 2442 per
1075 2361 1213 2424 latrones
1236 2362 1288 2424 uel
1306 2361 1373 2424 alios

357 2472 572 2534 malefactores
588 2469 714 2545 fuerint,
736 2471 880 2532 dominus
896 2479 978 2534 terre
997 2473 1029 2532 in
1044 2491 1106 2553 qua
1120 2471 1246 2552 spoliati
1260 2469 1374 2543 fuerint,

359 2583 500 2646 estimato
515 2584 648 2663 pecunie
664 2583 850 2664 quantitate,
871 2584 957 2646 iuxta
978 2583 1138 2644 arbitrium
1159 2583 1315 2646 bonorum
1333 2583 1373 2644 ui·
1409 2631 1413 2638 .

356 2715 462 2757 rorum
483 2704 514 2758 et
527 2703 755 2758 sacramentum
772 2695 966 2769 concinium,
990 2696 1029 2756 ad
1045 2695 1105 2758 hoc
1121 2695 1309 2770 electorum,
1328 2693 1372 2756 nel

356 2805 459 2870 ablata
470 2806 632 2880 refundat,
654 2805 706 2868 uel
721 2807 952 2869 malefactorem
967 2807 1132 2872 ostendere
1148 2815 1301 2869 teneatur.

440 2915 489 2999 (2)
510 2903 593 2980 Item
610 2917 726 2980 tributa
744 2916 826 2978 intra
846 2915 968 2998 regales
990 2899 1140 2978 terminos
1161 2917 1194 2977 in
1213 2918 1298 2978 nullo
1310 2917 1370 2978 loco

356 3030 480 3122 soluere
495 3036 672 3092 teneantur.

438 3137 484 3223 (3)
507 3141 585 3202 Item
600 3139 794 3221 quiscunque
810 3137 885 3200 ciuis
901 3137 994 3200 alium
1010 3139 1112 3202 ciuem
1125 3140 1300 3220 uituperiis,
1323 3160 1369 3220 op-

356 3254 489 3337 probriis
511 3260 565 3318 aut
580 3249 774 3312 contumeliis
790 3251 943 3324 affecerit,
965 3252 991 3312 si
1012 3251 1085 3314 inde
1102 3252 1265 3314 conuictus
1280 3251 1369 3323 inerit,

355 3368 422 3429 leso
445 3366 556 3426 decem
578 3381 709 3442 pensas,
730 3361 763 3422 in
778 3381 959 3425 communes
978 3381 1132 3443 expensas
1147 3371 1272 3426 centurn
1287 3365 1369 3426 dena-

357 3476 421 3538 rios
432 3473 542 3536 soluat.
558 3473 642 3553 quod
657 3471 682 3534 si
700 3480 769 3552 post
781 3474 894 3536 trinam
906 3473 1135 3536 correctionem
1151 3494 1185 3536 se
1200 3495 1264 3536 non
1276 3494 1368 3537 emen·

359 3584 497 3658 dauerit,
517 3583 612 3646 rebus
632 3583 776 3646 omnibus
797 3584 829 3646 in
852 3604 1016 3648 commune
1040 3584 1212 3666 applicatis,
1233 3593 1368 3666 tanquam

357 3694 480 3757 infamis
496 3695 535 3756 de
550 3695 675 3757 ciuitate
691 3694 821 3776 turpiter
835 3697 1019 3775 expellatur.

440 3802 485 3886 (b)
506 3806 620 3887 Siquis
637 3806 736 3867 eciam
751 3805 873 3886 alapam
888 3805 976 3866 alteri
991 3805 1122 3879 dederit,
1141 3805 1193 3867 uel
1209 3827 1266 3886 per
1279 3805 1366 3868 crines

353 3916 515 3994 ,maliciose
529 3917 671 3990 traxerit,
693 3915 826 3980 eandem
839 3937 953 3998 penam
969 3917 1121 3996 paciatur.

440 4022 488 4108 (5)
510 4025 542 4087 Si
564 4026 633 4108 quis
655 4047 732 4090 uero
754 4026 891 4102 cultello,
912 4026 1027 4108 gladio,
1048 4027 1157 4090 lancea
1179 4036 1235 4091 aut
1255 4029 1366 4112 sagitta,

358 4145 411 4204 aut
434 4137 540 4218 aliquo
563 4137 616 4200 tali
641 4139 736 4202 modo
761 4137 856 4201 alium
880 4137 1109 4212 uulnerauerit,
1134 4141 1364 4222 unlneratusquo

357 4251 424 4316 sine
440 4246 563 4316 deiectu
578 4250 790 4316 membrorum
805 4257 967 4316 resanatus
982 4249 1093 4328 tuerit,
1115 4251 1241 4316 medico
1255 4252 1309 4318 lesi
1325 4269 1363 4314 sa·
