2904 4754
269 447 329 518 tre
442 469 529 515 esna
551 469 592 514 ιν.
612 467 703 518 rests
723 468 795 514 rens
816 467 994 513 mononuu.
1036 449 1125 514 1251.

269 623 483 686 testimonium
498 629 642 684 constare
663 639 727 682 non
747 628 856 702 posset
874 619 981 682 amicis
1003 621 1068 682 suis
1083 621 1153 702 quis
1168 641 1241 683 eum
1258 621 1316 684 in·

269 733 446 807 toremerit,
467 733 492 794 si
517 732 601 814 prius
623 752 678 814 per
697 732 933 814 inquisicionem
956 731 1070 794 iactam
1091 731 1229 814 aliquem
1252 755 1317 796 su-

271 853 414 928 spectum
429 844 591 924 repererit,
604 851 635 905 et
646 844 743 906 iustas
755 861 790 904 ac
802 843 981 926 prohabiles
993 842 1179 924 suspicionis
1191 864 1315 906 causas

272 956 460 1028 ostenderit,
476 953 654 1018 huiusmodi
670 955 836 1036 negocium
852 953 957 1016 duello
973 955 1118 1018 uolumus
1131 955 1315 1020 terminari.

355 1068 436 1142 (20)
457 1067 534 1127 ltem
549 1066 575 1128 si
586 1065 780 1128 Christianus
795 1066 886 1127 alicui
900 1066 1068 1128 ludeorum
1083 1087 1212 1130 manum
1227 1068 1316 1130 inie-

273 1178 350 1240 eerit
371 1176 559 1250 uiolentam,
580 1195 663 1256 pene
685 1176 856 1257 condigna,
881 1196 943 1257 que
964 1177 1197 1258 quodammodo
1218 1186 1315 1239 trun-

273 1289 394 1352 eacioni
409 1308 519 1350 manus
534 1289 792 1370 correspondeat,
813 1287 958 1350 uolumus
976 1290 1223 1372 condempnare.

357 1403 436 1476 (21)
458 1401 535 1464 Item
550 1400 644 1462 iudex
656 1400 824 1464 Iudeorum
838 1399 955 1461 nullam
969 1419 1096 1462 causam
1108 1409 1208 1463 ortem
1225 1403 1315 1464 iuter

273 1515 386 1578 ludeos
407 1516 439 1576 in
461 1512 611 1576 iudicium
635 1511 782 1584 deducet,
804 1512 863 1572 nisi
884 1531 942 1594 per
963 1512 1189 1593 querimoniam
1210 1512 1315 1576 fuerit

273 1627 434 1690 inuitatus.

359 1737 440 1812 (22)
462 1736 539 1801 Item
555 1735 581 1796 si
596 1731 789 1796 Christianus
812 1753 829 1796 a
850 1734 948 1796 ludeo
964 1733 1077 1816 pignus
1095 1753 1185 1796 suum
1200 1735 1315 1798 absol·

274 1848 430 1920 neutile,
444 1846 529 1928 quod
545 1863 658 1926 penam
672 1843 849 1926 impositam
864 1865 928 1906 non
944 1843 1145 1926 persoluerit,
1161 1845 1187 1906 si
1199 1845 1312 1908 eidem

275 1975 388 2042 penam
409 1957 491 2020 infra
513 1975 652 2020 mensam
675 1975 739 2018 non
759 1956 904 2029 soluerit,
936 1954 994 2018 illis
1017 1956 1106 2038 penis
1127 1955 1313 2020 increscant

276 2091 368 2154 pene.

359 2183 438 2258 (23)
459 2183 537 2243 ltem
550 2181 583 2242 in
599 2180 693 2245 domo
708 2178 795 2240 ludci
812 2177 957 2240 nolumus
977 2177 1140 2260 hospitari.

358 2295 439 2372 (el)
467 2295 544 2356 Item
564 2294 590 2354 si
610 2293 724 2354 ludens
749 2309 846 2371 super
871 2290 1104 2370 possessionem
1127 2298 1179 2352 aut
1198 2291 1312 2354 literas

274 2417 454 2490 magnatum
483 2407 573 2487 regni
597 2403 763 2487 pecuniam
791 2403 995 2475 mutuauerit,
1025 2409 1056 2463 et
1075 2402 1137 2464 hoc
1158 2423 1215 2485 per
1235 2424 1313 2467 suas

274 2518 381 2582 literas
397 2527 428 2579 et
442 2515 577 2600 sigillum
594 2515 790 2596 probauerit,
813 2533 871 2576 nos
885 2514 983 2576 ludeo
1006 2515 1240 2594 possessionem
1263 2536 1316 2578 as·

274 2626 466 2708 signabimus
488 2625 674 2708 obligatam,
697 2633 728 2687 et
749 2643 802 2687 eos
825 2633 933 2686 contra
955 2624 1143 2688 uioleneiam
1162 2624 1314 2688 defensa·

273 2737 393 2812 bimus,
421 2745 454 2799 et
471 2735 623 2798 laoiemus
645 2755 716 2798 eum
740 2735 907 2818 percipere
930 2734 1050 2798 fruetus
1072 2736 1313 2817 prouenientes‚

271 2851 376 2914 donee
391 2849 583 2914 Christianus
598 2855 762 2930 appareat,
777 2845 831 2928 qui
846 2847 923 2909 uelit
937 2847 1093 2910 redimere
1110 2867 1220 2910 omnes
1234 2867 1312 2928 pus-

273 2964 430 3026 sessiones
451 2962 553 3024 taliter
574 2960 736 3042 obligatas.
765 2977 861 3040 super
876 2957 1058 3020 Christianis
1080 2960 1231 3020 tamenin
1247 2960 1313 3022 eis·

274 3075 346 3138 dem
362 3073 613 3158 possessionibus
635 3071 840 3134 existentibus
856 3071 987 3132 ludeum
1007 3069 1145 3152 aliquam
1164 3070 1313 3134 iurisdic-

273 3187 393 3250 tionem
408 3187 554 3248 nolumus
570 3205 729 3248 exercere.

358 3299 439 3372 (25)
461 3297 539 3359 Item
554 3297 580 3358 si
595 3296 706 3378 aliquis
722 3295 773 3357 uel
795 3295 901 3377 aliqua
923 3314 1055 3376 puerum
1070 3295 1250 3368 abduxerit,
1274 3303 1311 3358 ut

272 3411 324 3472 fur
338 3409 483 3472 uolumus
499 3409 759 3490 condempnetur.

356 3521 436 3594 (26)
456 3520 535 3581 Item
550 3519 576 3579 si
592 3519 705 3580 ludens
720 3523 883 3600 receptum
899 3517 1108 3580 aChristieno
1123 3519 1235 3600 pignus
1250 3539 1311 3599 per

273 3630 412 3714 spacium
431 3629 505 3692 anni
520 3629 632 3703 tenuit,
654 3629 680 3690 si
695 3627 836 3712 pignoris
851 3629 941 3693 ualor
954 3637 1126 3690 mutuatum
1140 3627 1310 3710 pecuniam

274 3747 305 3804 et
319 3760 512 3822 penemnon
528 3742 716 3814 excesserit,
737 3742 853 3804 Iudeus
868 3741 962 3804 iudici
978 3761 1035 3804 suo
1051 3741 1165 3823 pignus
1177 3742 1311 3802 demon-

272 3849 403 3924 strabit,¹
417 3859 449 3915 et
462 3851 549 3934 prius
565 3871 603 3913 ea
617 3849 778 3914 uendendi
792 3850 909 3917 haheat
921 3851 1108 3914 libertatem.

356 3963 434 4036 (27)
456 3963 488 4024 Si
508 3963 594 4044 quod
615 3963 729 4046 pignus
749 3983 940 4044 perannum
961 3970 993 4026 et
1008 3964 1083 4026 dum
1098 3963 1180 4026 ultra
1201 3963 1310 4026 termi-

271 4095 348 4143 num
363 4073 586 4138 conueneionis
601 4075 685 4157 apud
698 4075 830 4140 Iudeum
853 4075 972 4158 absque
991 4075 1054 4138 ulla
1074 4076 1309 4160 protestaeione

271 4186 477 4266 remanserit,
498 4184 575 4250 nulli
589 4206 684 4274 supra
696 4185 758 4251 hoo
772 4192 883 4274 posteo
897 4187 1111 4274 respondebit.
