2920 4758
286 379 348 450 888
372 399 464 446 rsrrr
478 395 644 450 nomm
658 395 784 449 senar.
799 393 1002 448 cossrrrorro
1017 394 1198 448 3311331313.
1227 377 1309 450 1185.

287 555 458 620 dictionem
479 556 657 622 rennuerit
676 556 891 634 impransum,
912 563 945 622 et
957 564 1068 622 sancto
1080 557 1216 623 Domnio
1231 578 1311 622 corn·

287 676 386 752 ponat
399 675 525 732 cantora
540 687 661 732 marcas
676 668 808 751 argenti.

369 779 409 854 Ut
421 787 527 846 autern
540 779 601 842 hec
616 779 793 854 ordinacio,
815 800 909 862 quam
931 778 981 844 his
1003 780 1148 863 personis
1163 783 1312 863 presenti·

286 892 347 956 hus
370 899 402 956 et
422 891 668 974 approbantibus
690 893 869 958 statuimus:
898 891 1051 958 Flaccone
1071 893 1213 958 Tioiensi
1236 894 1313 976 epis-

288 1024 383 1088 copo,
404 1003 558 1070 llichaele
581 1003 782 1087 Traguriensi
812 1004 978 1088 episcopo,
1006 1005 1161 1070 Michaele
1183 1007 1315 1071 Scardo-

288 1116 378 1182 nensi
392 1115 553 1197 episcopo,
567 1115 706 1178 Matthco
720 1115 860 1180 Nooeosi
874 1115 1033 1198 episcopo,
1046 1115 1146 1178 Mireo
1161 1113 1314 1198 signiensi

289 1229 460 1310 episcopo,
490 1227 629 1291 ltlattheo
656 1227 850 1292 Corhauensi
882 1226 1003 1302 electo,
1037 1225 1141 1290 ltlicha
1165 1225 1315 1290 Pharcnsi

289 1341 408 1413 electo,
435 1341 522 1404 lsaao
544 1360 569 1402 s.
587 1339 737 1422 Stephani
759 1341 890 1414 abbate,
919 1339 1090 1404 Vincencio
1115 1339 1315 1421 Traguriensi

288 1451 418 1526 abbate,
437 1451 550 1516 Duirnc
572 1451 672 1516 sancti
685 1451 797 1514 Domni
819 1449 1014 1533 primicerio,
1036 1451 1154 1514 loanne
1172 1451 1313 1524 sacrista,

289 1586 361 1630 cum
380 1573 446 1630 toto
468 1563 610 1630 eiusdem
633 1563 764 1628 ecclesie
788 1563 943 1646 capitulo,
963 1563 1095 1629 Uilcotta
1109 1562 1315 1643 archipresbi-

288 1687 356 1742 tero
372 1677 412 1740 dc
427 1675 542 1750 Clissa,
563 1673 695 1740 Uilcotta
716 1673 980 1758 archipresbitero
1003 1674 1043 1740 de
1063 1673 1172 1749 Kileo,
1195 1674 1313 1738 Gaudio

289 1788 510 1852 archidiacono
525 1785 726 1869 Traguriensi
749 1806 820 1848 cum
840 1785 905 1848 suis
925 1785 1061 1858 clericis,
1082 1787 1195 1850 Praaez
1216 1787 1315 1850 archi·

290 1898 465 1981 presbitero
489 1896 712 1960 Scardonensis
742 1917 814 1959 curn
844 1895 988 1960 eiusdem
1018 1896 1154 1960 ecclesie
1178 1895 1314 1971 clericis,

289 2009 444 2074 besimiro
459 2008 582 2074 Licensi
597 2007 861 2090 archipresbitero
882 2027 953 2072 cam
972 2007 1094 2072 clericis
1108 2009 1253 2072 eiusdem
1267 2027 1316 2075 ec·

289 2122 395 2196 olesic,
408 2121 537 2187 Radona
547 2119 722 2184 Bosanensi
736 2120 999 2202 archipresbitero
1011 2141 1083 2184 cum
1097 2120 1220 2185 clericis
1236 2122 1316 2187 eius-

290 2236 361 2300 dem
381 2234 534 2308 ecclesie,
561 2232 728 2296 Decomiro
743 2231 882 2296 Nouensi
903 2232 1165 2316 archipresbitero
1180 2241 1213 2296 et
1225 2234 1319 2297 Petro

289 2346 468 2429 primicerio
492 2364 562 2406 cum
583 2343 713 2425 reliquis
736 2343 878 2406 eiusdem
902 2342 1037 2407 ecclesie
1061 2343 1201 2418 clericis,
1229 2343 1319 2412 firma

289 2456 473 2538 stabilisque
487 2461 681 2538 permaneat,
695 2474 759 2536 per
773 2447 991 2518 cancellarium
1006 2462 1147 2518 nostrum
1156 2453 1320 2518 Alhertum

288 2588 315 2630 s.
332 2565 545 2630 bartholomei
571 2565 767 2648 prepositum
789 2567 922 2630 lecimus
943 2565 1098 2631 conscribi
1120 2574 1151 2630 et
1175 2565 1319 2650 insigniri

289 2677 426 2761 propriis
443 2677 565 2759 sigillis.
591 2679 704 2740 Datum
718 2679 837 2760 Spalati
856 2678 889 2740 in
911 2678 1046 2742 ccclesia
1064 2677 1321 2760 3131333330-
1453 2751 1454 2754 Ἴ

289 2788 377 2862 stoli,
398 2809 456 2871 per
475 2807 602 2852 manum
624 2807 720 2870 supra
737 2787 811 2852 dicti
832 2787 985 2872 prepositi
997 2786 1118 2853 Alherti
1142 2786 1321 2852 cancellarii

289 2901 399 2966 nostri.
