3048 4760
277 403 338 470 dat
380 416 642 470 corsrrrorrornrs
656 421 872 468 amarorum
886 419 927 466 rr
941 419 1100 466 conturna.
1123 400 1213 464 taos.

277 577 422 642 nicioncs
442 598 500 658 per
518 577 679 639 dominum
696 579 805 658 regem
825 573 878 638 uel
897 573 1074 636 Palatinum
1091 577 1219 654 reperte
1240 571 1309 635 iue-

278 690 357 764 rint,
385 689 417 750 in
438 689 486 750 ius
509 689 628 770 regium
650 687 876 762 deuoloautur,
904 684 990 748 nulla
1010 684 1235 766 redempcione
1256 683 1310 748 ucl

279 801 530 866 commutacione
551 806 690 882 recepta.
718 799 752 861 si.
764 818 843 862 uero
862 797 981 860 fuerint
1000 796 1151 870 aliorum,
1171 797 1257 860 ueris
1278 803 1311 860 et

278 909 416 994 propriis
431 909 565 972 dominis
578 909 791 974 restituantur.

363 1019 427 1104 (10)
449 1021 527 1084 Item
542 1018 715 1092 statuimus,
736 1019 823 1100 quod
838 1017 989 1099 usquead
1004 1026 1068 1080 tres
1085 1037 1212 1081 menses
1226 1037 1246 1080 a
1260 1018 1310 1082 die

280 1132 435 1216 presentis
449 1130 704 1213 congregacionis
720 1130 956 1210 computandos,
971 1129 1115 1193 omnibus
1127 1127 1211 1202 lesis,
1236 1145 1311 1209 spo-

280 1245 361 1308 liatis
381 1264 439 1308 seu
460 1243 651 1325 depredatis,
672 1261 800 1323 percos
821 1241 875 1324 qui
897 1239 1038 1304 leserunt
1059 1247 1090 1302 et
1105 1240 1311 1321 depredacio-

281 1375 355 1420 nem
370 1356 610 1429 commiserunt,
624 1353 718 1436 plena
732 1353 786 1417 liat
799 1351 970 1415 satisfactio
986 1359 1018 1414 et
1031 1349 1206 1414 ablaturum
1220 1350 1311 1415 resti·

281 1469 377 1534 tucio.

365 1578 433 1662 [11]
456 1579 488 1642 si
502 1597 580 1644 uero
596 1597 653 1659 per
668 1577 847 1658 potenciam
862 1583 985 1662 extorta
1000 1575 1139 1639 fueritin
1154 1575 1312 1638 remissio-

282 1711 370 1766 nem,
391 1712 455 1754 oon
477 1695 651 1780 teneantur.
678 1689 736 1750 sed
751 1687 777 1750 si
792 1687 874 1750 inira
888 1688 1066 1769 predictum
1080 1674 1245 1750 terminum
1261 1707 1312 1749 sa-

282 1804 429 1867 tisfacere
452 1821 515 1864 uon
537 1799 729 1873 curauerint,
751 1800 803 1862 uel
816 1819 875 1881 per
889 1800 1065 1882 potenciam
1080 1799 1139 1862 sibi
1154 1799 1314 1862 remissio·

283 1934 357 1978 nem
378 1911 631 1994 procurauerint,
656 1918 804 1992 tanquam
826 1931 867 1972 ex
887 1909 1054 1974 manifesto
1075 1912 1212 1984 offensa,
1240 1929 1313 1972 sen·

284 2025 419 2090 teociam
434 2022 773 2088 excommunicacionis
796 2041 836 2083 ex
857 2041 942 2084 nunc
960 2027 1064 2086 natam
1084 2021 1261 2095 incurrant,
1281 2028 1314 2084 et

282 2137 465 2200 infidelitate
486 2135 584 2200 notati
598 2134 681 2217 regis
697 2135 812 2196 cedant
824 2131 951 2206 iudicio,
971 2133 1073 2206 bonis,
1095 2140 1126 2194 ct
1140 2133 1314 2214 possessio-

283 2249 375 2312 nibus
389 2247 516 2310 illorum
530 2245 638 2309 talium
654 2246 694 2307 ad
707 2243 820 2307 fiscum
834 2245 954 2324 regium
970 2243 1138 2306 deuolutis.

366 2358 430 2441 (12)
453 2404 460 2420 .
477 2404 485 2420 .
501 2403 509 2420 .
524 2358 693 2420 dummodo
710 2356 938 2438 perhominem
954 2355 1071 2418 domini
1086 2355 1181 2438 regis,
1197 2355 1237 2418 ad
1250 2354 1312 2418 hoc

282 2467 462 2554 specialiter
486 2467 718 2541 transmissum,
749 2475 781 2530 et
801 2479 936 2548 quatuor
954 2467 1088 2540 nobiles,
1118 2467 1150 2528 in
1172 2467 1314 2548 qnalibet

278 2581 458 2665 prouincia,
479 2581 520 2642 ad
540 2579 743 2662 inquirendas
758 2587 789 2641 et
810 2579 954 2641 sciendas
972 2577 1179 2659 spoliaoiones
1207 2585 1312 2660 prete·

281 2693 357 2756 ritas
375 2700 407 2755 et
423 2691 554 2765 futuras,
569 2691 743 2772 deputatos,
759 2689 887 2752 domino
901 2689 968 2771 regi
981 2687 1060 2750 fides
1074 2687 1139 2762 fiat,
1152 2688 1211 2750 sub
1226 2689 1313 2752 testi·

282 2806 389 2868 monio
409 2802 635 2886 capitulorum,
664 2803 717 2864 ubi
738 2801 811 2876 hec,
834 2801 1061 2882 dampnacione
1082 2801 1176 2884 digna
1195 2799 1313 2864 suerint

283 2915 449 2979 commissa
463 2915 515 2978 uel
530 2915 666 2977 fuerunt.
688 2912 714 2976 si
729 2935 807 2976 uero
823 2913 896 2975 dicti
911 2921 1048 2994 quatuor
1062 2913 1195 2986 nobiles,
1210 2913 1251 2974 ob
1266 2911 1314 2973 fa·

285 3047 396 3090 uorem
407 3027 458 3090 uel
467 3026 628 3099 timorem,
643 3032 696 3086 aot
705 3032 833 3104 recepto
844 3024 952 3104 precio
964 3042 1127 3098 recusare,
1141 3024 1194 3086 uel
1203 3023 1314 3085 liuius-

285 3140 371 3202 modi
387 3139 631 3221 depredaciones
646 3137 724 3199 false
739 3155 925 3217 suggerere,
948 3136 987 3198 de
1002 3136 1051 3198 luis
1063 3155 1141 3216 quos
1154 3142 1315 3198 nouerant

285 3249 548 3332 presumpserint,
577 3247 941 3312 excommunicacionem
962 3248 1138 3321 incurrant,
1168 3267 1207 3310 ex
1229 3267 1315 3309 nunc

285 3362 377 3426 latam
400 3362 470 3444 ipso
492 3360 584 3422 sacto.
614 3357 815 3421 nihilominus
838 3357 956 3420 domini
975 3359 1058 3438 regis
1078 3359 1169 3422 cedat
1187 3357 1315 3432 iudicio,

286 3493 370 3558 pena
384 3480 493 3536 contra
508 3491 562 3534 eos
579 3468 826 3551 pronuncianda.

370 3581 436 3664 (13)
456 3583 502 3643 De
526 3577 769 3662 spoliacionibus
794 3587 900 3642 autem
929 3600 948 3644 a
971 3588 1115 3663 tempore
1141 3599 1316 3664 congrega-

287 3696 386 3759 cionis
404 3693 550 3756 inchoate
572 3691 662 3754 factis
682 3692 882 3754 decernimus
904 3700 1086 3767 statuentes,
1108 3693 1221 3775 quodsi
1241 3713 1318 3774 per-

286 3783 397 3888 oe'pcio
411 3804 515 3887 aliqua
529 3805 582 3866 uel
595 3803 790 3877 informacio,
804 3824 862 3884 per
874 3803 1030 3886 quoslibet
1044 3803 1161 3866 similes
1176 3802 1317 3867 delectos

288 3921 437 4004 episcopo
452 3917 629 3990 diocesano,
651 3917 690 3978 de
710 3916 759 3978 his
769 3901 921 3980 constare
941 3917 1071 3998 poterit,
1092 3924 1208 3979 extunc
1220 3914 1320 3998 quiliu

287 4035 341 4098 het
354 4029 522 4116 episcopus
534 4029 732 4102 diocesaaus,
745 4028 814 4092 illos
830 4026 908 4092 tales
921 4029 956 4092 in
970 4049 1028 4093 sua
1039 4028 1189 4103 diocesia,
1204 4031 1319 4110 damp-

288 4141 437 4207 nabiliter
446 4140 674 4222 delinquentes.
686 4140 920 4221 dampnacionis
932 4140 1044 4222 dignos
1056 4138 1321 4218 excommunicet,

292 4261 325 4318 ct
338 4250 508 4316 denunciet
521 4251 623 4316 arcius
637 4251 677 4332 ab
692 4250 837 4314 omnihus
852 4249 1028 4318 euitandos.
1123 4252 1125 4258 ’
