<?xml version="1.0" encoding="UTF-8"?>
<!DOCTYPE html PUBLIC "-//W3C//DTD XHTML 1.0 Transitional//EN"
    "http://www.w3.org/TR/xhtml1/DTD/xhtml1-transitional.dtd">
<html xmlns="http://www.w3.org/1999/xhtml" xml:lang="en" lang="en">
 <head>
  <title>
</title>
<meta http-equiv="Content-Type" content="text/html;charset=utf-8" />
  <meta name='ocr-system' content='tesseract 3.04.00' />
  <meta name='ocr-capabilities' content='ocr_page ocr_carea ocr_par ocr_line ocrx_word'/>
</head>
<body>
  <div class='ocr_page' id='page_1' title='image "./rerumhungaricar01endlgoog_0050.png"; bbox 0 0 2924 4758; ppageno 0'>
   <div class='ocr_carea' id='block_1_1' title="bbox 256 347 1033 440">
    <p class='ocr_par' dir='ltr' id='par_1_1' title="bbox 256 347 1033 440">
     <span class='ocr_line' id='line_1_1' title="bbox 256 347 1033 440; baseline 0 0"><span class='ocrx_word' id='word_1_1' title='bbox 256 376 319 440; x_wconf 74' lang='grc'>332</span> <span class='ocrx_word' id='word_1_2' title='bbox 513 392 692 439; x_wconf 70' lang='lat' dir='ltr'>antorsum</span> <span class='ocrx_word' id='word_1_3' title='bbox 713 394 804 440; x_wconf 78' lang='lat' dir='ltr'>naurs</span> <span class='ocrx_word' id='word_1_4' title='bbox 825 347 991 438; x_wconf 71' lang='lat' dir='ltr'>haesurum</span> <span class='ocrx_word' id='word_1_5' title='bbox 1013 398 1033 440; x_wconf 89' lang='lat'>1.</span> 
     </span>
    </p>
   </div>
   <div class='ocr_carea' id='block_1_2' title="bbox 257 521 1300 2207">
    <p class='ocr_par' dir='ltr' id='par_1_2' title="bbox 257 521 1300 1526">
     <span class='ocr_line' id='line_1_2' title="bbox 340 521 1296 631; baseline 0.003 -20"><span class='ocrx_word' id='word_1_6' title='bbox 340 546 410 631; x_wconf 70' lang='lat'>(38)</span> <span class='ocrx_word' id='word_1_7' title='bbox 443 549 486 611; x_wconf 83' lang='lat' dir='ltr'>De</span> <span class='ocrx_word' id='word_1_8' title='bbox 511 521 686 628; x_wconf 70' lang='lat' dir='ltr'>cipilicncm</span> <span class='ocrx_word' id='word_1_9' title='bbox 709 561 880 611; x_wconf 80' lang='lat' dir='ltr'>sanctornm</span> <span class='ocrx_word' id='word_1_10' title='bbox 897 541 1118 611; x_wconf 81' lang='lat' dir='ltr'>¹otucrcccicne.</span> <span class='ocrx_word' id='word_1_11' title='bbox 1149 527 1208 612; x_wconf 86' lang='lat' dir='ltr'>&#39;ln</span> <span class='ocrx_word' id='word_1_12' title='bbox 1231 551 1296 614; x_wconf 88' lang='lat' dir='ltr'>hac·</span> 
     </span>
     <span class='ocr_line' id='line_1_3' title="bbox 257 659 1291 744; baseline 0.001 -21"><span class='ocrx_word' id='word_1_13' title='bbox 257 669 365 723; x_wconf 89' lang='lat' dir='ltr'>nostra</span> <span class='ocrx_word' id='word_1_14' title='bbox 386 670 493 724; x_wconf 86' lang='lat' dir='ltr'>sancta</span> <span class='ocrx_word' id='word_1_15' title='bbox 516 660 638 744; x_wconf 86' lang='lat' dir='ltr'>synodo</span> <span class='ocrx_word' id='word_1_16' title='bbox 661 681 680 722; x_wconf 87' lang='lat' dir='ltr'>a</span> <span class='ocrx_word' id='word_1_17' title='bbox 699 661 874 724; x_wconf 84' lang='lat' dir='ltr'>uenerabili</span> <span class='ocrx_word' id='word_1_18' title='bbox 889 683 964 744; x_wconf 82' lang='lat' dir='ltr'>rege</span> <span class='ocrx_word' id='word_1_19' title='bbox 980 659 1126 724; x_wconf 87' lang='lat' dir='ltr'>Ladizlao</span> <span class='ocrx_word' id='word_1_20' title='bbox 1141 670 1291 726; x_wconf 86' lang='lat' dir='ltr'>statutum</span> 
     </span>
     <span class='ocr_line' id='line_1_4' title="bbox 257 772 1298 858; baseline 0.002 -23"><span class='ocrx_word' id='word_1_21' title='bbox 257 781 320 846; x_wconf 84' lang='lat' dir='ltr'>est,</span> <span class='ocrx_word' id='word_1_22' title='bbox 341 780 373 834; x_wconf 88' lang='lat' dir='ltr'>et</span> <span class='ocrx_word' id='word_1_23' title='bbox 388 773 428 834; x_wconf 90' lang='lat' dir='ltr'>ah</span> <span class='ocrx_word' id='word_1_24' title='bbox 444 773 597 834; x_wconf 87' lang='lat' dir='ltr'>uniuersis</span> <span class='ocrx_word' id='word_1_25' title='bbox 614 772 823 836; x_wconf 87' lang='lat' dir='ltr'>collaudatum</span> <span class='ocrx_word' id='word_1_26' title='bbox 839 781 870 835; x_wconf 93' lang='lat' dir='ltr'>ct</span> <span class='ocrx_word' id='word_1_27' title='bbox 886 773 1112 847; x_wconf 87' lang='lat' dir='ltr'>canonisatum,</span> <span class='ocrx_word' id='word_1_28' title='bbox 1135 783 1169 835; x_wconf 91' lang='lat' dir='ltr'>ut</span> <span class='ocrx_word' id='word_1_29' title='bbox 1184 773 1298 858; x_wconf 83' lang='lat' dir='ltr'>uigilie&#39;</span> 
     </span>
     <span class='ocr_line' id='line_1_5' title="bbox 258 886 1298 970; baseline 0.002 -22"><span class='ocrx_word' id='word_1_30' title='bbox 258 887 458 948; x_wconf 82' lang='lat' dir='ltr'>celebrentur</span> <span class='ocrx_word' id='word_1_31' title='bbox 477 887 561 948; x_wconf 88' lang='lat' dir='ltr'>heati</span> <span class='ocrx_word' id='word_1_32' title='bbox 576 886 727 968; x_wconf 77' lang='lat' dir='ltr'>Stephani</span> <span class='ocrx_word' id='word_1_33' title='bbox 749 887 833 968; x_wconf 82' lang='lat' dir='ltr'>regis</span> <span class='ocrx_word' id='word_1_34' title='bbox 857 895 888 950; x_wconf 90' lang='lat' dir='ltr'>et</span> <span class='ocrx_word' id='word_1_35' title='bbox 903 887 1043 970; x_wconf 83' lang='lat' dir='ltr'>Gerardy</span> <span class='ocrx_word' id='word_1_36' title='bbox 1059 889 1204 963; x_wconf 86' lang='lat' dir='ltr'>martiris,</span> <span class='ocrx_word' id='word_1_37' title='bbox 1227 899 1298 970; x_wconf 81' lang='lat' dir='ltr'>quo&#39;</span> 
     </span>
     <span class='ocr_line' id='line_1_6' title="bbox 258 997 1291 1083; baseline 0.002 -23"><span class='ocrx_word' id='word_1_38' title='bbox 258 998 309 1060; x_wconf 91' lang='lat' dir='ltr'>die</span> <span class='ocrx_word' id='word_1_39' title='bbox 324 1017 436 1083; x_wconf 87' lang='lat' dir='ltr'>passus</span> <span class='ocrx_word' id='word_1_40' title='bbox 452 1005 516 1071; x_wconf 87' lang='lat' dir='ltr'>est,</span> <span class='ocrx_word' id='word_1_41' title='bbox 539 1007 570 1060; x_wconf 89' lang='lat' dir='ltr'>et</span> <span class='ocrx_word' id='word_1_42' title='bbox 592 1005 655 1060; x_wconf 91' lang='lat' dir='ltr'>tres</span> <span class='ocrx_word' id='word_1_43' title='bbox 677 998 742 1059; x_wconf 89' lang='lat' dir='ltr'>dies</span> <span class='ocrx_word' id='word_1_44' title='bbox 765 998 804 1059; x_wconf 89' lang='lat' dir='ltr'>ad</span> <span class='ocrx_word' id='word_1_45' title='bbox 826 997 1028 1060; x_wconf 84' lang='lat' dir='ltr'>festiuitatem</span> <span class='ocrx_word' id='word_1_46' title='bbox 1044 1001 1142 1060; x_wconf 87' lang='lat' dir='ltr'>sancti</span> <span class='ocrx_word' id='word_1_47' title='bbox 1157 1001 1291 1062; x_wconf 89' lang='lat' dir='ltr'>Martini.</span> 
     </span>
     <span class='ocr_line' id='line_1_7' title="bbox 259 1110 1291 1196; baseline 0.002 -24"><span class='ocrx_word' id='word_1_48' title='bbox 259 1119 290 1174; x_wconf 87' lang='lat' dir='ltr'>et</span> <span class='ocrx_word' id='word_1_49' title='bbox 304 1111 389 1193; x_wconf 90' lang='lat' dir='ltr'>quod</span> <span class='ocrx_word' id='word_1_50' title='bbox 405 1117 535 1192; x_wconf 87' lang='lat' dir='ltr'>patruus</span> <span class='ocrx_word' id='word_1_51' title='bbox 551 1129 625 1172; x_wconf 86' lang='lat' dir='ltr'>suus</span> <span class='ocrx_word' id='word_1_52' title='bbox 641 1110 782 1172; x_wconf 81' lang='lat' dir='ltr'>Andreas</span> <span class='ocrx_word' id='word_1_53' title='bbox 804 1130 860 1190; x_wconf 83' lang='lat' dir='ltr'>rex</span> <span class='ocrx_word' id='word_1_54' title='bbox 877 1129 946 1171; x_wconf 91' lang='lat' dir='ltr'>cum</span> <span class='ocrx_word' id='word_1_55' title='bbox 962 1111 1121 1185; x_wconf 88' lang='lat' dir='ltr'>omuibus,</span> <span class='ocrx_word' id='word_1_56' title='bbox 1140 1111 1196 1196; x_wconf 88' lang='lat' dir='ltr'>qui</span> <span class='ocrx_word' id='word_1_57' title='bbox 1216 1122 1291 1176; x_wconf 89' lang='lat' dir='ltr'>tunc</span> 
     </span>
     <span class='ocr_line' id='line_1_8' title="bbox 259 1219 1290 1302; baseline 0.001 -18"><span class='ocrx_word' id='word_1_58' title='bbox 259 1232 348 1284; x_wconf 88' lang='lat' dir='ltr'>erant</span> <span class='ocrx_word' id='word_1_59' title='bbox 369 1222 522 1302; x_wconf 84' lang='lat' dir='ltr'>episcopi,</span> <span class='ocrx_word' id='word_1_60' title='bbox 544 1222 632 1283; x_wconf 91' lang='lat' dir='ltr'>uouit</span> <span class='ocrx_word' id='word_1_61' title='bbox 652 1229 684 1284; x_wconf 90' lang='lat' dir='ltr'>ct</span> <span class='ocrx_word' id='word_1_62' title='bbox 703 1221 824 1295; x_wconf 77' lang='lat' dir='ltr'>statuit,</span> <span class='ocrx_word' id='word_1_63' title='bbox 852 1219 910 1282; x_wconf 87' lang='lat' dir='ltr'>iste</span> <span class='ocrx_word' id='word_1_64' title='bbox 934 1241 991 1282; x_wconf 84' lang='lat' dir='ltr'>rex</span> <span class='ocrx_word' id='word_1_65' title='bbox 1017 1221 1290 1286; x_wconf 87' lang='lat' dir='ltr'>christianissimus</span> 
     </span>
     <span class='ocr_line' id='line_1_9' title="bbox 262 1320 1300 1410; baseline -0.001 -14"><span class='ocrx_word' id='word_1_66' title='bbox 262 1334 425 1398; x_wconf 82' lang='lat' dir='ltr'>destruere</span> <span class='ocrx_word' id='word_1_67' title='bbox 440 1331 558 1410; x_wconf 88' lang='lat' dir='ltr'>noluit,</span> <span class='ocrx_word' id='word_1_68' title='bbox 580 1332 769 1406; x_wconf 87' lang='lat' dir='ltr'>sedtirmius</span> <span class='ocrx_word' id='word_1_69' title='bbox 785 1332 962 1406; x_wconf 86' lang='lat' dir='ltr'>roborauit,</span> <span class='ocrx_word' id='word_1_70' title='bbox 984 1331 1102 1396; x_wconf 84' lang='lat' dir='ltr'>scilicet</span> <span class='ocrx_word' id='word_1_71' title='bbox 1115 1331 1209 1396; x_wconf 87' lang='lat' dir='ltr'>trium</span> <span class='ocrx_word' id='word_1_72' title='bbox 1225 1320 1300 1395; x_wconf 54' lang='lat' dir='ltr'>die-¹</span> 
     </span>
     <span class='ocr_line' id='line_1_10' title="bbox 257 1444 975 1526; baseline -0.006 -16"><span class='ocrx_word' id='word_1_73' title='bbox 257 1465 329 1510; x_wconf 86' lang='lat' dir='ltr'>rum</span> <span class='ocrx_word' id='word_1_74' title='bbox 343 1446 481 1526; x_wconf 77' lang='lat' dir='ltr'>uigiliam</span> <span class='ocrx_word' id='word_1_75' title='bbox 496 1447 535 1509; x_wconf 88' lang='lat' dir='ltr'>ad</span> <span class='ocrx_word' id='word_1_76' title='bbox 552 1444 754 1508; x_wconf 83' lang='lat' dir='ltr'>testinitatem</span> <span class='ocrx_word' id='word_1_77' title='bbox 769 1445 866 1508; x_wconf 88' lang='lat' dir='ltr'>sancti</span> <span class='ocrx_word' id='word_1_78' title='bbox 881 1445 975 1508; x_wconf 89' lang='lat' dir='ltr'>Petri.</span> 
     </span>
    </p>

    <p class='ocr_par' dir='ltr' id='par_1_3' title="bbox 260 1555 1292 2207">
     <span class='ocr_line' id='line_1_11' title="bbox 343 1555 1290 1640; baseline 0.003 -21"><span class='ocrx_word' id='word_1_79' title='bbox 343 1555 410 1640; x_wconf 80' lang='lat'>(39)</span> <span class='ocrx_word' id='word_1_80' title='bbox 433 1559 477 1620; x_wconf 83' lang='lat' dir='ltr'>De</span> <span class='ocrx_word' id='word_1_81' title='bbox 490 1569 660 1620; x_wconf 77' lang='lat' dir='ltr'>cunctorem</span> <span class='ocrx_word' id='word_1_82' title='bbox 675 1559 865 1620; x_wconf 84' lang='lat' dir='ltr'>eencrocione</span> <span class='ocrx_word' id='word_1_83' title='bbox 878 1561 1083 1638; x_wconf 72' lang='lat' dir='ltr'>foelicitatem.</span> <span class='ocrx_word' id='word_1_84' title='bbox 1134 1559 1196 1622; x_wconf 90' lang='lat' dir='ltr'>lsle</span> <span class='ocrx_word' id='word_1_85' title='bbox 1212 1579 1290 1622; x_wconf 89' lang='lat' dir='ltr'>uero</span> 
     </span>
     <span class='ocr_line' id='line_1_12' title="bbox 260 1661 1291 1752; baseline 0.002 -20"><span class='ocrx_word' id='word_1_86' title='bbox 260 1661 447 1734; x_wconf 83' lang='lat' dir='ltr'>sestiuitates</span> <span class='ocrx_word' id='word_1_87' title='bbox 475 1669 616 1733; x_wconf 85' lang='lat' dir='ltr'>ferianda</span> <span class='ocrx_word' id='word_1_88' title='bbox 645 1679 717 1732; x_wconf 92' lang='lat' dir='ltr'>sunt</span> <span class='ocrx_word' id='word_1_89' title='bbox 739 1690 804 1752; x_wconf 88' lang='lat' dir='ltr'>per</span> <span class='ocrx_word' id='word_1_90' title='bbox 829 1689 955 1732; x_wconf 91' lang='lat' dir='ltr'>annum.</span> <span class='ocrx_word' id='word_1_91' title='bbox 991 1669 1138 1732; x_wconf 88' lang='lat' dir='ltr'>natiuitas</span> <span class='ocrx_word' id='word_1_92' title='bbox 1164 1671 1291 1734; x_wconf 89' lang='lat' dir='ltr'>domini.</span> 
     </span>
     <span class='ocr_line' id='line_1_13' title="bbox 260 1763 1292 1867; baseline 0 -25"><span class='ocrx_word' id='word_1_93' title='bbox 260 1782 360 1844; x_wconf 85' lang='lat' dir='ltr'>sancti</span> <span class='ocrx_word' id='word_1_94' title='bbox 380 1781 530 1867; x_wconf 79' lang='lat' dir='ltr'>Stephani</span> <span class='ocrx_word' id='word_1_95' title='bbox 552 1781 792 1862; x_wconf 83' lang='lat' dir='ltr'>protomartiris.</span> <span class='ocrx_word' id='word_1_96' title='bbox 824 1763 922 1844; x_wconf 81' lang='lat' dir='ltr'>sancti</span> <span class='ocrx_word' id='word_1_97' title='bbox 942 1781 1066 1843; x_wconf 84' lang='lat' dir='ltr'>loannis</span> <span class='ocrx_word' id='word_1_98' title='bbox 1089 1781 1292 1863; x_wconf 76' lang='lat' dir='ltr'>euangelista.</span> 
     </span>
     <span class='ocr_line' id='line_1_14' title="bbox 260 1867 1292 1976; baseline 0.003 -23"><span class='ocrx_word' id='word_1_99' title='bbox 260 1900 441 1955; x_wconf 90' lang='lat' dir='ltr'>sanctorum</span> <span class='ocrx_word' id='word_1_100' title='bbox 465 1891 693 1955; x_wconf 85' lang='lat' dir='ltr'>innocencium.</span> <span class='ocrx_word' id='word_1_101' title='bbox 715 1891 930 1958; x_wconf 72' lang='lat' dir='ltr'>,circumcisio</span> <span class='ocrx_word' id='word_1_102' title='bbox 955 1867 1082 1956; x_wconf 87' lang='lat' dir='ltr'>domini.</span> <span class='ocrx_word' id='word_1_103' title='bbox 1123 1893 1292 1976; x_wconf 88' lang='lat' dir='ltr'>epiphania</span> 
     </span>
     <span class='ocr_line' id='line_1_15' title="bbox 262 1985 1292 2090; baseline 0.003 -24"><span class='ocrx_word' id='word_1_104' title='bbox 262 2023 333 2066; x_wconf 92' lang='lat' dir='ltr'>cum</span> <span class='ocrx_word' id='word_1_105' title='bbox 355 2004 472 2085; x_wconf 84' lang='lat' dir='ltr'>uigilia.</span> <span class='ocrx_word' id='word_1_106' title='bbox 504 2004 685 2086; x_wconf 85' lang='lat' dir='ltr'>purificacio</span> <span class='ocrx_word' id='word_1_107' title='bbox 702 1985 811 2068; x_wconf 31' lang='lat' dir='ltr'>&#39;sancte</span> <span class='ocrx_word' id='word_1_108' title='bbox 834 2005 941 2068; x_wconf 83' lang='lat' dir='ltr'>Mario.</span> <span class='ocrx_word' id='word_1_109' title='bbox 969 2007 1001 2068; x_wconf 84' lang='lat' dir='ltr'>iu</span> <span class='ocrx_word' id='word_1_110' title='bbox 1021 2008 1139 2088; x_wconf 91' lang='lat' dir='ltr'>pascha</span> <span class='ocrx_word' id='word_1_111' title='bbox 1158 2016 1292 2090; x_wconf 86' lang='lat' dir='ltr'>quatuor</span> 
     </span>
     <span class='ocr_line' id='line_1_16' title="bbox 262 2115 1291 2207; baseline 0.002 -29"><span class='ocrx_word' id='word_1_112' title='bbox 262 2116 345 2207; x_wconf 69' lang='lat' dir='ltr'>dies.</span> <span class='ocrx_word' id='word_1_113' title='bbox 361 2117 459 2178; x_wconf 90' lang='lat' dir='ltr'>sancti</span> <span class='ocrx_word' id='word_1_114' title='bbox 471 2115 596 2199; x_wconf 84' lang='lat' dir='ltr'>Georgii</span> <span class='ocrx_word' id='word_1_115' title='bbox 611 2116 754 2181; x_wconf 68' lang='lat' dir='ltr'>martiris</span> <span class='ocrx_word' id='word_1_116' title='bbox 776 2117 911 2200; x_wconf 89' lang='lat' dir='ltr'>Philippi</span> <span class='ocrx_word' id='word_1_117' title='bbox 928 2127 959 2180; x_wconf 90' lang='lat' dir='ltr'>et</span> <span class='ocrx_word' id='word_1_118' title='bbox 972 2119 1075 2180; x_wconf 91' lang='lat' dir='ltr'>lacobi</span> <span class='ocrx_word' id='word_1_119' title='bbox 1090 2140 1160 2180; x_wconf 91' lang='lat' dir='ltr'>cum</span> <span class='ocrx_word' id='word_1_120' title='bbox 1175 2119 1291 2202; x_wconf 82' lang='lat' dir='ltr'>uigilia.</span> 
     </span>
    </p>
   </div>
   <div class='ocr_carea' id='block_1_3' title="bbox 260 2227 1290 2321">
    <p class='ocr_par' dir='ltr' id='par_1_4' title="bbox 260 2227 1290 2321">
     <span class='ocr_line' id='line_1_17' title="bbox 260 2227 1290 2321; baseline 0 -31"><span class='ocrx_word' id='word_1_121' title='bbox 260 2227 408 2292; x_wconf 88' lang='lat' dir='ltr'>iuuencio</span> <span class='ocrx_word' id='word_1_122' title='bbox 420 2237 527 2292; x_wconf 92' lang='lat' dir='ltr'>sancte</span> <span class='ocrx_word' id='word_1_123' title='bbox 542 2229 652 2292; x_wconf 90' lang='lat' dir='ltr'>crucis.</span> <span class='ocrx_word' id='word_1_124' title='bbox 675 2231 705 2290; x_wconf 90' lang='lat' dir='ltr'>in</span> <span class='ocrx_word' id='word_1_125' title='bbox 717 2231 943 2321; x_wconf 86' lang='lat' dir='ltr'>penthecosten</span> <span class='ocrx_word' id='word_1_126' title='bbox 955 2241 1089 2313; x_wconf 87' lang='lat' dir='ltr'>quatuor</span> <span class='ocrx_word' id='word_1_127' title='bbox 1100 2231 1177 2294; x_wconf 90' lang='lat' dir='ltr'>dies.</span> <span class='ocrx_word' id='word_1_128' title='bbox 1192 2230 1290 2294; x_wconf 89' lang='lat' dir='ltr'>sancti</span> 
     </span>
    </p>
   </div>
   <div class='ocr_carea' id='block_1_4' title="bbox 255 2340 1296 3882">
    <p class='ocr_par' dir='ltr' id='par_1_5' title="bbox 255 2340 1295 3208">
     <span class='ocr_line' id='line_1_18' title="bbox 262 2340 1294 2426; baseline 0.002 -22"><span class='ocrx_word' id='word_1_129' title='bbox 262 2342 388 2404; x_wconf 90' lang='lat' dir='ltr'>loannis</span> <span class='ocrx_word' id='word_1_130' title='bbox 403 2343 550 2426; x_wconf 88' lang='lat' dir='ltr'>baptiste.</span> <span class='ocrx_word' id='word_1_131' title='bbox 581 2354 760 2408; x_wconf 87' lang='lat' dir='ltr'>sanctorum</span> <span class='ocrx_word' id='word_1_132' title='bbox 775 2340 859 2407; x_wconf 88' lang='lat' dir='ltr'>Petri</span> <span class='ocrx_word' id='word_1_133' title='bbox 874 2352 905 2407; x_wconf 91' lang='lat' dir='ltr'>ct</span> <span class='ocrx_word' id='word_1_134' title='bbox 919 2343 1006 2407; x_wconf 89' lang='lat' dir='ltr'>Pauli</span> <span class='ocrx_word' id='word_1_135' title='bbox 1023 2365 1085 2410; x_wconf 90' lang='lat' dir='ltr'>nna</span> <span class='ocrx_word' id='word_1_136' title='bbox 1100 2345 1162 2408; x_wconf 86' lang='lat' dir='ltr'>die.</span> <span class='ocrx_word' id='word_1_137' title='bbox 1194 2345 1294 2408; x_wconf 87' lang='lat' dir='ltr'>sancti</span> 
     </span>
     <span class='ocr_line' id='line_1_19' title="bbox 261 2453 1295 2536; baseline 0 -20"><span class='ocrx_word' id='word_1_138' title='bbox 261 2454 376 2516; x_wconf 88' lang='lat' dir='ltr'>Iacobi.</span> <span class='ocrx_word' id='word_1_139' title='bbox 391 2455 673 2518; x_wconf 88' lang='lat' dir='ltr'>sanctiLaurencii.</span> <span class='ocrx_word' id='word_1_140' title='bbox 688 2455 865 2536; x_wconf 88' lang='lat' dir='ltr'>assumpcio</span> <span class='ocrx_word' id='word_1_141' title='bbox 878 2464 984 2518; x_wconf 86' lang='lat' dir='ltr'>sancte</span> <span class='ocrx_word' id='word_1_142' title='bbox 996 2453 1105 2516; x_wconf 83' lang='lat' dir='ltr'>Mario.</span> <span class='ocrx_word' id='word_1_143' title='bbox 1120 2453 1295 2518; x_wconf 68' lang='lat' dir='ltr'>sanctiste.</span> 
     </span>
     <span class='ocr_line' id='line_1_20' title="bbox 262 2547 1293 2652; baseline -0.002 -24"><span class='ocrx_word' id='word_1_144' title='bbox 262 2565 358 2648; x_wconf 89' lang='lat' dir='ltr'>phani</span> <span class='ocrx_word' id='word_1_145' title='bbox 379 2565 472 2646; x_wconf 84' lang='lat' dir='ltr'>regis.</span> <span class='ocrx_word' id='word_1_146' title='bbox 499 2566 599 2629; x_wconf 89' lang='lat' dir='ltr'>sancti</span> <span class='ocrx_word' id='word_1_147' title='bbox 614 2566 826 2652; x_wconf 86' lang='lat' dir='ltr'>Bartholomci</span> <span class='ocrx_word' id='word_1_148' title='bbox 847 2547 989 2647; x_wconf 84' lang='lat' dir='ltr'>apostoli.</span> <span class='ocrx_word' id='word_1_149' title='bbox 1018 2565 1164 2628; x_wconf 88' lang='lat' dir='ltr'>natiuitas</span> <span class='ocrx_word' id='word_1_150' title='bbox 1187 2573 1293 2628; x_wconf 87' lang='lat' dir='ltr'>sancte</span> 
     </span>
     <span class='ocr_line' id='line_1_21' title="bbox 262 2657 1293 2748; baseline 0 -10"><span class='ocrx_word' id='word_1_151' title='bbox 262 2677 372 2738; x_wconf 78' lang='lat' dir='ltr'>Marte.</span> <span class='ocrx_word' id='word_1_152' title='bbox 388 2677 538 2739; x_wconf 83' lang='lat' dir='ltr'>exaltacio</span> <span class='ocrx_word' id='word_1_153' title='bbox 549 2686 655 2740; x_wconf 88' lang='lat' dir='ltr'>sancte</span> <span class='ocrx_word' id='word_1_154' title='bbox 666 2679 778 2740; x_wconf 88' lang='lat' dir='ltr'>crucis.</span> <span class='ocrx_word' id='word_1_155' title='bbox 794 2678 892 2739; x_wconf 86' lang='lat' dir='ltr'>sancti</span> <span class='ocrx_word' id='word_1_156' title='bbox 902 2657 1029 2740; x_wconf 78' lang='lat' dir='ltr'>Mathai.</span> <span class='ocrx_word' id='word_1_157' title='bbox 1044 2677 1293 2748; x_wconf 86' lang='lat' dir='ltr'>sanctiGerardi.</span> 
     </span>
     <span class='ocr_line' id='line_1_22' title="bbox 263 2789 1295 2854; baseline 0 -2"><span class='ocrx_word' id='word_1_158' title='bbox 263 2791 360 2852; x_wconf 87' lang='lat' dir='ltr'>sancti</span> <span class='ocrx_word' id='word_1_159' title='bbox 369 2789 540 2854; x_wconf 86' lang='lat' dir='ltr'>Michaelis.</span> <span class='ocrx_word' id='word_1_160' title='bbox 556 2797 742 2852; x_wconf 70' lang='lat' dir='ltr'>&#39;sanctorum</span> <span class='ocrx_word' id='word_1_161' title='bbox 755 2791 888 2852; x_wconf 83' lang='lat' dir='ltr'>Simonis</span> <span class='ocrx_word' id='word_1_162' title='bbox 901 2799 932 2852; x_wconf 90' lang='lat' dir='ltr'>et</span> <span class='ocrx_word' id='word_1_163' title='bbox 941 2791 1028 2852; x_wconf 91' lang='lat' dir='ltr'>lude.</span> <span class='ocrx_word' id='word_1_164' title='bbox 1051 2789 1189 2851; x_wconf 92' lang='lat' dir='ltr'>omnium</span> <span class='ocrx_word' id='word_1_165' title='bbox 1202 2809 1295 2852; x_wconf 89' lang='lat' dir='ltr'>sanc-</span> 
     </span>
     <span class='ocr_line' id='line_1_23' title="bbox 255 2901 1293 2973; baseline -0.001 -9"><span class='ocrx_word' id='word_1_166' title='bbox 255 2910 376 2964; x_wconf 81' lang='lat' dir='ltr'>torum.</span> <span class='ocrx_word' id='word_1_167' title='bbox 415 2902 513 2964; x_wconf 87' lang='lat' dir='ltr'>sancti</span> <span class='ocrx_word' id='word_1_168' title='bbox 541 2903 690 2968; x_wconf 81' lang='lat' dir='ltr'>Heinrici.</span> <span class='ocrx_word' id='word_1_169' title='bbox 722 2903 822 2973; x_wconf 85' lang='lat' dir='ltr'>sancti</span> <span class='ocrx_word' id='word_1_170' title='bbox 846 2901 998 2964; x_wconf 86' lang='lat' dir='ltr'>Mauricii.</span> <span class='ocrx_word' id='word_1_171' title='bbox 1035 2903 1134 2966; x_wconf 89' lang='lat' dir='ltr'>sancti</span> <span class='ocrx_word' id='word_1_172' title='bbox 1158 2903 1293 2965; x_wconf 86' lang='lat' dir='ltr'>Andree.</span> 
     </span>
     <span class='ocr_line' id='line_1_24' title="bbox 263 3013 1294 3096; baseline 0.001 -22"><span class='ocrx_word' id='word_1_173' title='bbox 263 3013 362 3075; x_wconf 89' lang='lat' dir='ltr'>sancti</span> <span class='ocrx_word' id='word_1_174' title='bbox 386 3013 533 3096; x_wconf 78' lang='lat' dir='ltr'>Nycolay.</span> <span class='ocrx_word' id='word_1_175' title='bbox 570 3015 667 3076; x_wconf 89' lang='lat' dir='ltr'>sancti</span> <span class='ocrx_word' id='word_1_176' title='bbox 690 3015 821 3075; x_wconf 88' lang='lat' dir='ltr'>Thome.</span> <span class='ocrx_word' id='word_1_177' title='bbox 855 3022 886 3075; x_wconf 90' lang='lat' dir='ltr'>et</span> <span class='ocrx_word' id='word_1_178' title='bbox 910 3034 1118 3096; x_wconf 87' lang='lat' dir='ltr'>unaquaque</span> <span class='ocrx_word' id='word_1_179' title='bbox 1143 3013 1294 3095; x_wconf 89' lang='lat' dir='ltr'>parochia</span> 
     </span>
     <span class='ocr_line' id='line_1_25' title="bbox 264 3111 1219 3208; baseline 0.002 -22"><span class='ocrx_word' id='word_1_180' title='bbox 264 3145 354 3187; x_wconf 91' lang='lat' dir='ltr'>suum</span> <span class='ocrx_word' id='word_1_181' title='bbox 371 3136 537 3208; x_wconf 88' lang='lat' dir='ltr'>patronum</span> <span class='ocrx_word' id='word_1_182' title='bbox 552 3135 583 3188; x_wconf 94' lang='lat' dir='ltr'>et</span> <span class='ocrx_word' id='word_1_183' title='bbox 600 3111 834 3188; x_wconf 87' lang='lat' dir='ltr'>dedicacionem</span> <span class='ocrx_word' id='word_1_184' title='bbox 850 3125 981 3188; x_wconf 88' lang='lat' dir='ltr'>ecclesie</span> <span class='ocrx_word' id='word_1_185' title='bbox 998 3126 1146 3189; x_wconf 88' lang='lat' dir='ltr'>celebret.</span> <span class='ocrx_word' id='word_1_186' title='bbox 1216 3169 1219 3175; x_wconf 90' lang='lat'><em>-</em></span> 
     </span>
    </p>

    <p class='ocr_par' dir='ltr' id='par_1_6' title="bbox 264 3235 1294 3657">
     <span class='ocr_line' id='line_1_26' title="bbox 347 3235 1294 3319; baseline 0.002 -21"><span class='ocrx_word' id='word_1_187' title='bbox 347 3235 411 3318; x_wconf 81' lang='lat' dir='ltr'>(to)</span> <span class='ocrx_word' id='word_1_188' title='bbox 437 3239 482 3299; x_wconf 86' lang='lat' dir='ltr'>De</span> <span class='ocrx_word' id='word_1_189' title='bbox 505 3237 655 3299; x_wconf 80' lang='lat' dir='ltr'>abhatibus</span> <span class='ocrx_word' id='word_1_190' title='bbox 674 3239 707 3300; x_wconf 83' lang='lat' dir='ltr'>in</span> <span class='ocrx_word' id='word_1_191' title='bbox 726 3237 856 3300; x_wconf 75' lang='lat' dir='ltr'>dolendis</span> <span class='ocrx_word' id='word_1_192' title='bbox 875 3239 1042 3299; x_wconf 77' lang='lat' dir='ltr'>sedentibus.</span> <span class='ocrx_word' id='word_1_193' title='bbox 1097 3237 1234 3319; x_wconf 82' lang='lat' dir='ltr'>Ahhates</span> <span class='ocrx_word' id='word_1_194' title='bbox 1263 3245 1294 3300; x_wconf 88' lang='lat' dir='ltr'>et</span> 
     </span>
     <span class='ocr_line' id='line_1_27' title="bbox 264 3349 1293 3424; baseline 0 -12"><span class='ocrx_word' id='word_1_195' title='bbox 264 3351 410 3414; x_wconf 87' lang='lat' dir='ltr'>monachi</span> <span class='ocrx_word' id='word_1_196' title='bbox 432 3352 513 3414; x_wconf 90' lang='lat' dir='ltr'>inter</span> <span class='ocrx_word' id='word_1_197' title='bbox 526 3351 637 3414; x_wconf 87' lang='lat' dir='ltr'>fratres</span> <span class='ocrx_word' id='word_1_198' title='bbox 654 3349 857 3414; x_wconf 83' lang='lat' dir='ltr'>kalendarum</span> <span class='ocrx_word' id='word_1_199' title='bbox 877 3371 940 3412; x_wconf 89' lang='lat' dir='ltr'>non</span> <span class='ocrx_word' id='word_1_200' title='bbox 958 3351 1103 3424; x_wconf 87' lang='lat' dir='ltr'>sedeant,</span> <span class='ocrx_word' id='word_1_201' title='bbox 1125 3351 1182 3414; x_wconf 93' lang='lat' dir='ltr'>sed</span> <span class='ocrx_word' id='word_1_202' title='bbox 1197 3351 1293 3413; x_wconf 91' lang='lat' dir='ltr'>abbas</span> 
     </span>
     <span class='ocr_line' id='line_1_28' title="bbox 265 3461 1293 3549; baseline -0.002 -23"><span class='ocrx_word' id='word_1_203' title='bbox 265 3463 445 3526; x_wconf 88' lang='lat' dir='ltr'>oblaciones</span> <span class='ocrx_word' id='word_1_204' title='bbox 466 3461 595 3525; x_wconf 81' lang='lat' dir='ltr'>fratrum</span> <span class='ocrx_word' id='word_1_205' title='bbox 610 3463 642 3523; x_wconf 92' lang='lat' dir='ltr'>in</span> <span class='ocrx_word' id='word_1_206' title='bbox 657 3463 826 3549; x_wconf 84' lang='lat' dir='ltr'>claustrum</span> <span class='ocrx_word' id='word_1_207' title='bbox 841 3464 986 3545; x_wconf 90' lang='lat' dir='ltr'>recipiat,</span> <span class='ocrx_word' id='word_1_208' title='bbox 1009 3471 1040 3526; x_wconf 89' lang='lat' dir='ltr'>et</span> <span class='ocrx_word' id='word_1_209' title='bbox 1054 3465 1228 3527; x_wconf 90' lang='lat' dir='ltr'>secuudum</span> <span class='ocrx_word' id='word_1_210' title='bbox 1244 3483 1293 3524; x_wconf 92' lang='lat' dir='ltr'>re-</span> 
     </span>
     <span class='ocr_line' id='line_1_29' title="bbox 265 3573 754 3657; baseline -0.008 -22"><span class='ocrx_word' id='word_1_211' title='bbox 265 3575 369 3657; x_wconf 83' lang='lat' dir='ltr'>gulam</span> <span class='ocrx_word' id='word_1_212' title='bbox 387 3574 534 3638; x_wconf 84' lang='lat' dir='ltr'>fratribus</span> <span class='ocrx_word' id='word_1_213' title='bbox 550 3573 754 3637; x_wconf 87' lang='lat' dir='ltr'>administret.</span> 
     </span>
    </p>

    <p class='ocr_par' dir='ltr' id='par_1_7' title="bbox 265 3683 1296 3882">
     <span class='ocr_line' id='line_1_30' title="bbox 347 3683 1295 3769; baseline 0.006 -25"><span class='ocrx_word' id='word_1_214' title='bbox 347 3683 416 3767; x_wconf 78' lang='lat' dir='ltr'>(tl)</span> <span class='ocrx_word' id='word_1_215' title='bbox 440 3685 482 3745; x_wconf 74' lang='lat' dir='ltr'>He</span> <span class='ocrx_word' id='word_1_216' title='bbox 503 3687 726 3754; x_wconf 81' lang='lat' dir='ltr'>decimacionem</span> <span class='ocrx_word' id='word_1_217' title='bbox 747 3690 928 3768; x_wconf 80' lang='lat' dir='ltr'>nepontihus.</span> <span class='ocrx_word' id='word_1_218' title='bbox 972 3688 1147 3769; x_wconf 88' lang='lat' dir='ltr'>Episcopus</span> <span class='ocrx_word' id='word_1_219' title='bbox 1163 3687 1295 3768; x_wconf 87' lang='lat' dir='ltr'>accipiat</span> 
     </span>
     <span class='ocr_line' id='line_1_31' title="bbox 265 3795 1296 3882; baseline 0.002 -22"><span class='ocrx_word' id='word_1_220' title='bbox 265 3798 514 3860; x_wconf 86' lang='lat' dir='ltr'>decimacionem</span> <span class='ocrx_word' id='word_1_221' title='bbox 529 3795 732 3873; x_wconf 73' lang='lat' dir='ltr'>in&#39;omnibuS,</span> <span class='ocrx_word' id='word_1_222' title='bbox 754 3800 810 3862; x_wconf 90' lang='lat' dir='ltr'>sed</span> <span class='ocrx_word' id='word_1_223' title='bbox 826 3819 863 3862; x_wconf 91' lang='lat' dir='ltr'>eo</span> <span class='ocrx_word' id='word_1_224' title='bbox 879 3808 1005 3862; x_wconf 88' lang='lat' dir='ltr'>tenore:</span> <span class='ocrx_word' id='word_1_225' title='bbox 1027 3800 1197 3882; x_wconf 89' lang='lat' dir='ltr'>pristaldos</span> <span class='ocrx_word' id='word_1_226' title='bbox 1213 3801 1296 3882; x_wconf 86' lang='lat' dir='ltr'>epis·</span> 
     </span>
    </p>
   </div>
   <div class='ocr_carea' id='block_1_5' title="bbox 150 3908 1296 3994">
    <p class='ocr_par' dir='ltr' id='par_1_8' title="bbox 150 3908 1296 3994">
     <span class='ocr_line' id='line_1_32' title="bbox 150 3908 1296 3994; baseline 0.003 -24"><span class='ocrx_word' id='word_1_227' title='bbox 150 3983 152 3986; x_wconf 16' lang='grc' dir='ltr'>Ι</span> <span class='ocrx_word' id='word_1_228' title='bbox 265 3909 336 3990; x_wconf 91' lang='lat' dir='ltr'>copi</span> <span class='ocrx_word' id='word_1_229' title='bbox 364 3908 537 3992; x_wconf 87' lang='lat' dir='ltr'>interroget</span> <span class='ocrx_word' id='word_1_230' title='bbox 564 3929 780 3994; x_wconf 88' lang='lat' dir='ltr'>possessorem</span> <span class='ocrx_word' id='word_1_231' title='bbox 811 3932 1008 3977; x_wconf 89' lang='lat' dir='ltr'>annonarum</span> <span class='ocrx_word' id='word_1_232' title='bbox 1036 3933 1094 3980; x_wconf 88' lang='lat' dir='ltr'>seu</span> <span class='ocrx_word' id='word_1_233' title='bbox 1122 3913 1296 3980; x_wconf 87' lang='lat' dir='ltr'>bestiarum</span> 
     </span>
    </p>
   </div>
   <div class='ocr_carea' id='block_1_6' title="bbox 264 4021 1297 4338">
    <p class='ocr_par' dir='ltr' id='par_1_9' title="bbox 264 4021 1297 4338">
     <span class='ocr_line' id='line_1_33' title="bbox 265 4021 1297 4108; baseline 0.005 -27"><span class='ocrx_word' id='word_1_234' title='bbox 265 4028 418 4104; x_wconf 89' lang='lat' dir='ltr'>quantum</span> <span class='ocrx_word' id='word_1_235' title='bbox 442 4021 565 4086; x_wconf 86' lang='lat' dir='ltr'>haheat.</span> <span class='ocrx_word' id='word_1_236' title='bbox 600 4024 626 4085; x_wconf 91' lang='lat' dir='ltr'>si</span> <span class='ocrx_word' id='word_1_237' title='bbox 651 4042 728 4086; x_wconf 88' lang='lat' dir='ltr'>uero</span> <span class='ocrx_word' id='word_1_238' title='bbox 752 4021 935 4098; x_wconf 86' lang='lat' dir='ltr'>crediderit,</span> <span class='ocrx_word' id='word_1_239' title='bbox 968 4025 1100 4108; x_wconf 89' lang='lat' dir='ltr'>accipiat</span> <span class='ocrx_word' id='word_1_240' title='bbox 1124 4024 1185 4086; x_wconf 91' lang='lat' dir='ltr'>hoc</span> <span class='ocrx_word' id='word_1_241' title='bbox 1210 4023 1297 4106; x_wconf 90' lang='lat' dir='ltr'>quod</span> 
     </span>
     <span class='ocr_line' id='line_1_34' title="bbox 265 4132 1297 4212; baseline 0.001 -17"><span class='ocrx_word' id='word_1_242' title='bbox 265 4132 359 4208; x_wconf 86' lang='lat' dir='ltr'>dixit,</span> <span class='ocrx_word' id='word_1_243' title='bbox 380 4133 406 4198; x_wconf 86' lang='lat' dir='ltr'>si</span> <span class='ocrx_word' id='word_1_244' title='bbox 421 4143 525 4198; x_wconf 89' lang='lat' dir='ltr'>autem</span> <span class='ocrx_word' id='word_1_245' title='bbox 539 4156 603 4198; x_wconf 90' lang='lat' dir='ltr'>non</span> <span class='ocrx_word' id='word_1_246' title='bbox 618 4135 802 4210; x_wconf 90' lang='lat' dir='ltr'>crediderit,</span> <span class='ocrx_word' id='word_1_247' title='bbox 824 4133 918 4199; x_wconf 84' lang='lat' dir='ltr'>faciat</span> <span class='ocrx_word' id='word_1_248' title='bbox 931 4135 1019 4198; x_wconf 87' lang='lat' dir='ltr'>illum</span> <span class='ocrx_word' id='word_1_249' title='bbox 1033 4137 1153 4212; x_wconf 85' lang='lat' dir='ltr'>iurare,</span> <span class='ocrx_word' id='word_1_250' title='bbox 1168 4145 1200 4201; x_wconf 88' lang='lat' dir='ltr'>et</span> <span class='ocrx_word' id='word_1_251' title='bbox 1214 4135 1297 4201; x_wconf 87' lang='lat' dir='ltr'>acci-</span> 
     </span>
     <span class='ocr_line' id='line_1_35' title="bbox 264 4244 1296 4338; baseline 0.006 -30"><span class='ocrx_word' id='word_1_252' title='bbox 264 4244 341 4332; x_wconf 88' lang='lat' dir='ltr'>piat.</span> <span class='ocrx_word' id='word_1_253' title='bbox 361 4247 394 4311; x_wconf 91' lang='lat' dir='ltr'>in</span> <span class='ocrx_word' id='word_1_254' title='bbox 415 4269 539 4313; x_wconf 87' lang='lat' dir='ltr'>annona</span> <span class='ocrx_word' id='word_1_255' title='bbox 559 4269 638 4313; x_wconf 89' lang='lat' dir='ltr'>uero</span> <span class='ocrx_word' id='word_1_256' title='bbox 660 4247 863 4312; x_wconf 89' lang='lat' dir='ltr'>commixtum</span> <span class='ocrx_word' id='word_1_257' title='bbox 885 4267 950 4312; x_wconf 86' lang='lat' dir='ltr'>non</span> <span class='ocrx_word' id='word_1_258' title='bbox 964 4249 1112 4334; x_wconf 89' lang='lat' dir='ltr'>accipiat,</span> <span class='ocrx_word' id='word_1_259' title='bbox 1133 4250 1191 4338; x_wconf 88' lang='lat' dir='ltr'>scd</span> <span class='ocrx_word' id='word_1_260' title='bbox 1203 4269 1296 4333; x_wconf 86' lang='lat' dir='ltr'>sepa-</span> 
     </span>
    </p>
   </div>
   <div class='ocr_carea' id='block_1_7' title="bbox 0 0 1476 4758">
    <p class='ocr_par' dir='ltr' id='par_1_10' title="bbox 0 0 1476 4758">
     <span class='ocr_line' id='line_1_36' title="bbox 0 0 1476 4758; baseline 0 0"><span class='ocrx_word' id='word_1_261' title='bbox 0 0 1476 4758; x_wconf 95' lang='lat' dir='ltr'> </span> 
     </span>
    </p>
   </div>
  </div>
 </body>
</html>
