3048 4760
264 392 329 464 Μ
414 403 675 462 cussirrurtortrte
695 407 1008 461 sueonosnmensrs.
1051 389 1141 456 lm·

265 570 409 651 sliquos
433 568 592 652 appellare
614 569 684 632 iura
707 567 908 650 permittunt,
937 565 1089 648 appellari
1112 564 1293 648 contigerit,
1354 539 1359 556 ⁸

264 689 328 760 mm
349 679 544 764 appellantes
567 699 660 763 quam
684 679 831 761 appellati
850 679 890 740 sd
908 677 1064 759 prefatam
1086 677 1210 752 sedeur,
1236 687 1294 742 seu

265 793 306 857 cd
332 792 513 874 superiores
546 793 706 873 predictos
736 793 890 854 accedere
918 807 1026 870 super)
1041 789 1295 870 appellneionnm

266 903 543 986 prosecnoiom‘ens
564 902 679 976 libere,
701 911 733 965 et
748 904 868 985 *absque
888 902 1080 964 inhibicione
1103 901 1208 983 aliqua
1221 913 1296 983 per-

266 1015 398 1086 mittant.
418 1015 446 1076 si
457 1035 534 1077 uero
548 1033 605 1078 rex
615 1033 672 1077 seu
685 1015 806 1104 regina,
820 1013 873 1076 uel
884 1015 1062 1096 quicunque
1074 1011 1127 1074 alii
1142 1013 1181 1074 de
1195 1030 1294 1094 regno

267 1127 421 1208 predicto,
439 1135 605 1207 postquam
626 1142 732 1188 corant
752 1125 830 1206 ipsis
852 1125 892 1186 de
905 1121 1188 1205 hocprotestatnm
1201 1121 1297 1185 luerit

268 1237 319 1300 uel
332 1245 518 1318 exceptam,
541 1245 650 1300 contra
663 1235 928 1300 constitucionem
946 1231 1126 1298 huiusmodi
1140 1235 1297 1308 uenerint,
1345 1309 1348 1313 .

268 1351 308 1414 ds
330 1349 431 1412 causis
450 1349 632 1412 huiusmodi
653 1347 885 1431 cognoscendo,
905 1348 958 1410 uel
979 1347 1175 1428 appellantes
1192 1347 1232 1410 ed
1247 1367 1298 1410 se-

269 1460 558 1541 demapostolioam
573 1479 629 1522 seu
644 1459 824 1540 superiores
837 1457 1030 1538 prefatorum
1042 1477 1060 1519 a
1072 1457 1297 1538 prosecucione

268 1571 519 1654 appellacionnm
530 1570 671 1652 ipsarum
684 1569 921 1651 quomodolibet
932 1569 1137 1650 prohibendo,
1152 1587 1209 1631 serr
1218 1569 1297 1630 alias

268 1692 379 1746 eontra
392 1683 652 1746 constitucionem
667 1679 846 1744 huiusmodi
861 1681 1055 1754 excedendo,
1070 1682 1109 1743 ab
1116 1680 1299 1742 huiusmodi

268 1793 485 1876 prohibicione
506 1791 731 1872 impedimento
747 1810 803 1854 sen
819 1789 1004 1874 cognicione
1019 1792 1149 1854 omnino
1163 1811 1227 1854 non
1243 1793 1299 1854 de·
1382 1851 1385 1858 .

269 1905 418 1977 stiterint,
438 1923 514 1986 rege
537 1923 595 1966 seu
616 1907 726 1986 regina
747 1903 872 1985 prelatis
888 1905 927 1964 in
948 1903 1097 1985 predictis
1117 1904 1299 1967 excedentia

268 2017 344 2088 bus,
365 2024 428 2078 tarn
450 2016 504 2078 diu
525 2013 658 2078 ecclesie
681 2015 721 2076 sit
734 2012 917 2081 interdictus
938 2015 1109 2096 ingressus,
1132 2029 1299 2096 quousque

269 2149 397 2192 emnem
422 2146 604 2210 processum
628 2147 687 2208 per
708 2141 766 2190 eos
793 2125 934 2188 habitum
962 2126 996 2186 in
1023 2126 1131 2187 causis·
1152 2125 1300 2207 predictis

269 2259 365 2322 quern
379 2257 501 2300 cassum
518 2245 551 2300 et
563 2237 686 2300 irritem
704 2239 899 2307 nunciamus.
918 2227 1301 2319 omnesqueprolribloio-
1369 2283 1376 2294 .

269 2347 1016 2431 emergi-anamimreuocauerintonmeceotn.
1038 2345 1178 2410 aliinero
1190 2349 1298 2422 drrees,

269 2463 416 2534 mones,
441 2461 550 2524 etalii
572 2459 738 2523 inferiores
763 2459 883 2522 indices
904 2469 1014 2522 centra
1036 2459 1297 2522 constitucionem

270 2571 459 2634 excedentes
473 2581 668 2652 presentem,
687 2571 750 2635 nisi
764 2571 844 2632 infre
860 2571 998 2632 triduum
1010 2579 1175 2652 postquam
1191 2587 1299 2632 coram

272 2683 317 2744 eis
339 2689 487 2762 utsupra
507 2681 750 2756 denunciatum,
771 2689 978 2763 protestatum
999 2682 1095 2744 fuerit
1115 2683 1168 2742 uel
1186 2699 1302 2763 excep-

270 2804 354 2869 tum,
386 2795 629 2876 prohibiciones,
661 2795 902 2876 impedimenta,
933 2794 1129 2876 graaamina,
1161 2813 1198 2854 ao
1225 2803 1302 2876 pro-

272 2925 492 2988 oessussuper
503 2906 683 2969 huiusmodi
698 2906 916 2968 recensuerint
932 2925 1003 2967 cnm
1024 2907 1154 2978 ellectu,
1176 2917 1214 2966 ac
1227 2921 1303 2985 pro-

272 3019 415 3080 cedendo
430 3017 463 3078 in
477 3017 577 3080 causis
592 3017 773 3078 huiusmodi
786 3016 978 3089 destiterint,
993 3017 1062 3098 ipso
1076 3017 1301 3078 leotoexcom-

273 3129 497 3192 munioecionis
508 3129 680 3190 sentencie
701 3147 738 3190 se
754 3128 902 3190 uenerint
914 3128 1095 3202 subiacere,
1118 3147 1212 3209 aqua
1226 3145 1301 3189 con-

273 3259 359 3322 grua-
372 3240 584 3302 satisfactione
605 3241 774 3320 premissa,
795 3241 1016 3321 abepiscopo,
1037 3241 1069 3301 in
1085 3257 1218 3322 quornm
1233 3241 1302 3302 die-

273 3353 397 3414 ossibus
419 3365 555 3431 persone
570 3351 623 3412 uel
641 3369 692 3412 res
707 3371 803 3432 super
815 3353 929 3432 quibus
946 3352 1119 3414 nelcontra
1134 3362 1211 3435 quas
1228 3370 1302 3433 pro-

274 3463 437 3535 cesserint,
458 3461 545 3524 iuxta
559 3462 694 3524 formam
708 3463 849 3526 ecclesie
860 3463 979 3544 possint
993 3465 1125 3526 absolui.
1268 3439 1276 3450 Ι

356 3570 421 3653 (59)
444 3573 521 3634 Cum
542 3563 690 3655 regnum,
711 3574 907 3656 principum,
932 3563 1086 3638 baronum
1112 3583 1144 3638 et
1168 3575 1301 3638 eliorum

273 3681 661 3747 catholicorumlidelinm
687 3687 850 3766 proprium
875 3693 907 3748 et
930 3683 1088 3766 peculiare
1111 3687 1149 3747 ab
1172 3687 1300 3768 antiquo

274 3796 370 3858 luisse
391 3805 549 3871 noscatur,
570 3796 737 3871 ecclesias,
764 3799 968 3880 monasteria,
990 3799 1122 3880 locaque
1137 3800 1302 3860 secra‘deo

275 3907 439 3982 edificare,
461 3909 634 3972 destructas
654 3928 733 3971 uere
754 3909 1000 3982 siueooneis'as,
1023 3919 1076 3972 cut
1089 3911 1171 3972 inse
1187 3910 1256 3972 siue
1269 3909 1303 3970 in

274 4018 433 4092 ministris,
447 4019 498 4092 nel
512 4020 544 4080 in
559 4019 775 4093 incultatibus,
784 4019 915 4093 iuribus,
936 4017 1110 4102 priuilegiis
1124 4021 1177 4082 uel
1190 4020 1304 4083 immu-

274 4128 422 4223 mtatibus
445 4130 513 4193 suis
537 4129 688 4193 diminuta
711 4131 782 4193 siue·
800 4149 951 4212 oppressa
976 4131 1135 4206 relocare,
1155 4131 1305 4205 relicere,

276 4241 465 4317 dolendus-e,
485 4257 522 4304 ec
541 4239 641 4304 miani
662 4250 858 4324 morerere,
883 4250 981 4328 prout
999 4255 1066 4328 per-
1078 4243 1152 4309 iacti
1173 4243 1305 4308 euiden-
