2978 4754
523 425 726 486 -reessnes
748 426 926 490 crossen·
1185 407 1246 504 ur

216 584 302 659 terro
317 586 502 664 iustificatos
516 597 574 664 est,
587 589 691 654 indice
700 587 802 654 -Puulo
817 587 1053 660 curiaticom‘ita
1067 590 1107 656 de
1121 589 1247 666 Biehor,

217 699 368 786 pristaldo
382 699 557 764 Laureucio
577 702 615 764 de
630 701 756 764 llichor.

300 807 388 893 (171)
415 809 598 874 Ualerianus
623 819 750 886 cantor,
779 811 915 874 Michaiil
937 821 1059 887 custos,
1089 811 1248 879 Gerardus

219 923 374 994 decanus,
395 919 523 984 Inachia
540 927 572 982 et
596 921 701 984 ltloust
722 921 962 987 archidiaconus
976 923 1189 998 Uaradiensis,
1217 928 1250 986 et

219 1051 329 1104 omnes
353 1029 421 1106 alii,
447 1007 605 1092 uniuersis
626 1031 739 1112 quihus
764 1030 865 1094 litere.
878 1039 1042 1114 presentes
1061 1032 1251 1098 exhibentur

220 1144 352 1207 salutem
362 1143 398 1206 in
413 1140 551 1206 domino.
575 1141 662 1216 uenit
675 1142 715 1204 ad
729 1161 790 1204 nos
802 1141 836 1204 in
850 1143 1025 1224 septimana
1038 1144 1165 1226 Exurge
1178 1143 1251 1228 ,quie
1267 1157 1271 1164 “
1366 1123 1368 1129 ¹

221 1254 293 1316 darn
318 1251 497 1334 pristaldus,
525 1261 559 1316 ut
582 1252 649 1334 ipse
671 1253 749 1315 dixit
771 1253 883 1327 dese,
909 1254 1036 1317 nomine
1053 1253 1190 1337 Bolosoy
1211 1255 1251 1320 de

221 1361 297 1425 nilla
319 1363 465 1435 Bubona,
497 1381 569 1426 cum
585 1363 783 1444 quibusdam
808 1361 932 1430 uillanis
957 1365 996 1426 de
1018 1364 1089 1440 lkn,
1119 1363 1250 1428 seilicet:

222 1473 321 1534 Roma
335 1472 430 1553 Syca,
449 1473 564 1536 Sumoz
583 1482 615 1536 et
630 1471 780 1546 Olodaro,
801 1480 832 1534 ot
847 1470 925 1542 diris
939 1473 1023 1556 quod
1039 1471 1180 1568 uniuersi
1192 1472 1253 1542 uit·

222 1582 286 1647 lani
302 1584 341 1646 de
359 1584 438 1648 llorz
453 1592 485 1648 et
500 1585 660 1650 deErdeii
674 1591 706 1648 et
720 1585 759 1646 de
770 1583 869 1648 Zethu
884 1592 916 1648 et
930 1585 969 1646 de
979 1583 1053 1648 Belo
1067 1591 1100 1649 et
1114 1584 1153 1646 de
1165 1583 1253 1658 Ques

223 1694 307 1757 etde
322 1693 406 1756 Zaka
429 1693 514 1756 etde
529 1694 641 1768 Barca,
662 1695 923 1758 coadiunautibus
945 1695 1021 1758 noui
1036 1694 1128 1759 castri
1142 1693 1253 1760 iouba·

223 1804 378 1886 gionffius,
403 1804 522 1869 scilicet
542 1805 677 1870 Iordane
696 1806 838 1887 prefecto
862 1805 957 1870 castri
975 1814 1007 1870 et
1026 1807 1132 1876 Poson
1152 1805 1255 1868 archi-

223 1935 362 1997 precone
385 1915 597 1998 impetissent
621 1918 858 1998 prenominatos
882 1925 1030 2000 quattuor
1054 1918 1187 2007 uillanos
1213 1915 1253 1992 do
1298 1933 1313 1964 a

222 2028 297 2101 lku,
318 2036 350 2090 et
371 2028 455 2095 idem
469 2027 696 2102 Laurenciurn,
719 2027 876 2110 Cyubam,
897 2028 1018 2090 Forkos
1033 2037 1065 2090 et
1080 2029 1255 2103 Somotnm,

223 2140 309 2221 quod
332 2147 439 2202 essent
458 2139 586 2222 quidem
607 2141 812 2221 ioubagiones
834 2139 892 2203 sed
911 2139 950 2200 de
971 2139 1185 2203 castrensibus
1200 2157 1255 2200 ex·
1364 2185 1367 2193 ,

225 2251 336 2332 empti,
358 2250 521 2319 illiontem
536 2251 680 2314 dixerunt
697 2249 856 2315 naturales
871 2248 1077 2332 icubagiones
1093 2269 1181 2324 esse,
1200 2250 1257 2331 qui

225 2361 344 2427 scilicet
357 2362 472 2428 Forcos
494 2349 635 2445 principe
655 2362 821 2436 exercitus,
843 2362 954 2438 Szoma,
975 2359 1109 2448 Uidard,
1128 2361 1257 2436 Ioanne,

226 2471 328 2547 Zolos,
356 2472 531 2546 Leustauh,
559 2473 674 2560 laccho
690 2473 929 2566 archiprecone.
958 2471 1257 2556 quosMiuhadlcu-
1298 2482 1301 2487 ’

225 2585 309 2648 rialis
329 2604 434 2648 comes
455 2585 495 2648 de
516 2584 623 2648 ches
646 2605 686 2648 ex
704 2593 857 2668 precepto
880 2585 999 2648 domini
1018 2583 1067 2654 sui
1087 2582 1258 2650 Alexandri

228 2696 350 2762 comitis
372 2696 412 2759 de
437 2715 522 2760 nono
548 2703 669 2770 castro,
695 2705 731 2764 ut
755 2697 924 2776 pristaldos
949 2696 1043 2771 dixit,
1072 2695 1259 2770 discuciens,

229 2805 312 2869 misit
326 2805 525 2868 Uaradinum.
557 2807 613 2888 ulti¹
623 2807 783 2887 predictus
799 2805 977 2886 pristaldos,
997 2814 1028 2869 et
1042 2805 1127 2868 idern
1141 2807 1257 2878 Roma,

230 2915 325 2995 Syca,
340 2914 452 2976 Sumoz
467 2922 500 2978 et
513 2915 641 2989 Olodar,
656 2925 687 2978 et
701 2915 829 2997 qnidam
843 2917 990 2998 ionbagio
1005 2917 1113 2990 castri,
1132 2916 1259 2978 nomine

230 3024 401 3106 Georgius,
421 3025 538 3088 missus
551 3034 584 3090 ut
597 3028 666 3106 ipse
682 3027 759 3094 dixit
779 3028 928 3095 rForros
948 3028 1089 3110 principe
1105 3027 1260 3112 esercitsu

231 3143 264 3200 et
284 3136 516 3199 coadiutoribus
538 3136 612 3211 suis,
632 3137 760 3202 luerunt
781 3139 813 3200 in
835 3138 980 3212 termino,
1001 3138 1118 3224 scilicet
1138 3138 1261 3205 hebdo-

231 3248 480 3333 madallxurge.
509 3249 682 3312 aduersarii
703 3267 905 3312 ueroeorum
926 3268 990 3312 non
1009 3254 1260 3330 comparuerunt,

232 3367 264 3432 et
284 3359 483 3440 supradictus
502 3360 671 3441 pristaldos
691 3361 784 3434 dixit,
806 3361 902 3443 quod,
914 3361 1011 3424 iudex
1029 3359 1180 3442 prelatus,
1199 3361 1261 3427 soi·

231 3470 305 3534 licet
324 3469 475 3544 Michadl,
505 3491 564 3552 pro
586 3471 729 3538 conuicta
754 3480 786 3534 et
808 3473 1017 3541 condemnata
1032 3479 1129 3552 ,parte
1151 3472 1262 3539 haberi
1396 3486 1398 3492 ’
1460 3561 1466 3571 .

232 3581 414 3648 mandasset
430 3601 501 3647 earn
520 3590 642 3664 partem
663 3603 724 3665 qne
748 3602 805 3646 nos
826 3583 969 3646 ueniret,
987 3585 1045 3646 sed
1058 3583 1119 3646 hoc
1133 3603 1191 3646 nos
1206 3601 1262 3646 ac·
1345 3649 1355 3676 ο

211 3691 359 3756 scimus.
784 3668 788 3676 ⁸
982 3765 987 3774 ¹

316 3801 403 3886 (175)
419 3805 555 3869 Thomas
567 3806 606 3868 de
617 3805 785 3885 uillanslu
796 3805 935 3889 imperiis
946 3805 1158 3870 contritionum
1169 3826 1262 3871 snum

234 3916 362 3992 nomine
372 3915 453 3980 ldert
467 3917 506 3978 de
521 3916 617 3992 furto,
635 3917 790 3981 iudicibus
801 3917 964 3982 Louchiad
976 3916 1076 3980 biloto
1091 3917 1263 3998 etllenger

232 4035 266 4090 et
279 4027 348 4090 Mer
362 4025 511 4117 prefectis
525 4025 617 4101 uille,
637 4027 796 4110 pristaldis
809 4027 882 4094 Dirs
895 4035 927 4094 et
939 4026 1052 4100 Sroulr.
1078 4027 1161 4090 Mart
1172 4027 1263 4092 iusti-

233 4136 345 4205 ficatos
359 4144 409 4203 est
420 4144 547 4218 portato
561 4137 658 4202 ferro.
779 4149 781 4154 ·

319 4245 406 4334 (176)
426 4247 541 4316 Paulus
557 4249 596 4314 de
612 4247 688 4314 uilla
702 4215 809 4316 Kuhas
826 4250 909 4318 filius
924 4249 1008 4316 Petri
1028 4248 1168 4334 impeciit
1180 4249 1261 4330 rar-
