2920 4758
184 437 276 482 arran
297 437 339 483 rr.
360 435 451 484 ansts
471 437 656 484 nnsrrrnrro
679 435 914 484 runrsorerrosrs
933 427 998 484 etc.
1025 417 1114 484 tata.
1156 419 1216 484 lib

185 591 363 674 sanguinis,
385 591 436 654 trel
458 591 655 655 ammissione
678 593 818 656 omnium
839 593 995 654 bonorum
1010 592 1170 655 assideant
1187 599 1219 656 et

185 710 387 786 cognoscant.
417 704 558 766 mutandi
579 711 683 766 tamen
704 705 737 766 in
757 705 826 786 ipsa
844 705 1098 787 presentacione‚
1121 723 1216 786 quem

185 815 240 877 uel
263 833 341 897 quos
363 814 513 888 uoluerit,
527 873 529 876 .
545 835 585 878 ex
605 815 687 878 insta
709 835 818 890 causa,
849 835 906 878 seu
927 817 1028 880 eciam
1050 824 1215 899 postquam

185 926 316 988 admissi
340 924 473 998 fuerint,
500 925 526 986 si
551 925 662 1007 aliquis
684 925 737 988 nel
762 925 857 1008 aliqui
881 927 920 988 de
940 947 1034 1008 supra
1050 926 1138 989 dictis
1159 946 1216 988 sex
1263 935 1267 944 '

184 1057 337 1120 processu
359 1037 510 1118 temporis
534 1035 652 1100 inutilis
674 1037 726 1100 uel
746 1045 921 1120 suspectus,
943 1045 996 1100 aut
1018 1037 1143 1100 inutiles
1162 1037 1217 1100 uel

183 1146 325 1228 suspecti
347 1146 522 1208 habeantur
545 1147 584 1206 ab
611 1148 679 1228 ipso
705 1145 878 1228 preposito,
909 1147 1086 1229 prepositus
1111 1166 1216 1209 remo-

184 1259 300 1332 uendi,
322 1265 353 1320 ot
368 1254 464 1328 alium
478 1256 687 1334 substituendi
710 1277 749 1318 ex
764 1256 884 1322 eisdem
900 1257 1036 1332 ciuibus,
1056 1275 1215 1323 consensu

185 1369 303 1432 ciuium
316 1369 448 1430 liberam
461 1367 591 1430 babebit
604 1368 794 1431 facultatem.

268 1478 315 1563 (2)
337 1482 501 1554 Preterea,
530 1480 603 1562 quia
628 1479 840 1543 mercenarius
865 1481 965 1543 omnis
989 1501 1047 1546 sua
1069 1484 1214 1546 mercede

185 1593 300 1676 dignus
322 1613 393 1655 esse
416 1591 624 1674 dignoscitur,
650 1591 858 1658 adiiciendum
879 1591 1024 1655 duximus
1046 1593 1160 1655 utiam
1181 1593 1215 1654 in

184 1705 276 1768 dictis
297 1704 398 1766 causis
413 1703 575 1785 sanguinis
596 1709 626 1764 et
643 1688 814 1765 'amissione
832 1704 972 1765 omnium
991 1705 1160 1778 bonorum,
1181 1705 1215 1766 in

183 1816 301 1898 quibus
314 1815 486 1896 supradicti
500 1832 557 1876 sex
573 1813 659 1876 ciues
676 1831 694 1873 a
707 1814 868 1894 preposito
881 1813 1000 1880 fuerint
1013 1815 1155 1888 admissi,
1174 1816 1213 1878 de
1247 1843 1249 1848 ·

184 1927 306 1990 eisdem
324 1925 446 1988 iudiciis
468 1925 597 1988 terciam
618 1931 742 2006 partem
757 1924 946 1988 iudiciorum
958 1930 1017 2009 pro
1033 1927 1146 1992 salario
1163 1945 1214 1990 ac-

184 2039 312 2121 cipiant.

200 2203 203 2212 .
268 2147 314 2232 (3)
337 2149 483 2214 Ceterum
498 2149 643 2217 uolumus
659 2159 691 2214 et
704 2150 872 2224 sancimus,
889 2151 1016 2232 quodsi
1029 2151 1117 2215 ciues
1130 2152 1212 2216 dicte

185 2262 259 2326 nilla
279 2262 478 2346 priuilegium
498 2263 551 2324 uel
571 2261 779 2324 instrumenta
798 2260 992 2343 aliqoaante
1012 2263 1211 2344 presencium

182 2374 450 2456 composicionem
467 2372 642 2438 litterarum
661 2373 844 2448 habuerint,
873 2393 935 2456 que
955 2382 1065 2446 contra
1085 2377 1214 2458 aliquod

182 2483 457 2566 supradictorum
480 2484 585 2549 facere
607 2485 786 2560 uideantur,
807 2487 1226 2569 anctoritate-presencium·

185 2595 313 2664 omnino
335 2595 369 2656 in
385 2594 511 2659 irritum.
528 2615 727 2670 reuocamns,
747 2597 977 2687 noc-deinceps
997 2601 1144 2664 ellectum
1158 2601 1224 2664 ali·¹¹

183 2727 280 2790 quem
294 2714 538 2790 consequantur.
916 2771 918 2774 ,

266 2820 305 2882 Ut
317 2819 411 2902 igitur
425 2819 616 2902 supradicta
638 2821 799 2884 restitucio
822 2830 975 2904 perpetue
989 2822 1142 2889 firmitatis
1162 2845 1215 2888 ro-·

182 2931 416 3005 burobtineat,
446 2951 505 2993 nec
527 2951 585 3013 per
603 2931 766 3012 predictos
789 2933 877 2994 ciues
899 2931 954 2996 nel
976 2953 1051 2998 suos
1070 2942 1214 3016 posteros

183 3042 289 3124 possit·
302 3051 356 3105 aut
374 3041 489 3105 debeat
509 3044 689 3118 retraetari,
711 3051 876 3126 presentes
894 3044 1013 3108 litteras
1031 3065 1106 3128 sepe
1128 3047 1213 3110 dioto

183 3153 346 3238 preposito
362 3155 594 3230 concessimus,
611 3155 742 3236 duplicis
757 3155 851 3240 sigilli
864 3155 963 3221 nostri
977 3157 1148 3222 monimine
1161 3179 1215 3222 ro·

182 3268 319 3330 boratas.
348 3267 461 3329 Datum
474 3266 570 3342 bibe,
590 3268 689 3330 tercio
703 3289 803 3334 nonas
817 3269 903 3345 Iulii,
924 3287 1007 3336 anno
1023 3272 1129 3353 gracie
1143 3271 1214 3334 mil-

180 3377 293 3442 lesimo
321 3379 537 3442 ducentesimo
566 3380 809 3464 quadragesimo
838 3382 951 3457 tercio,
987 3383 1078 3464 regni
1106 3393 1212 3448 antem

182 3489 282 3554 nostri
296 3511 378 3554 anno
393 3499 515 3554 octauo.
548 3527 550 3530 -
