2924 4758
274 385 335 450 ott
515 403 541 447 s.
555 397 699 448 usorsnar
719 399 811 446 naurs
831 398 999 444 oscannum
1019 399 1065 444 m.

273 557 392 623 riorum
412 556 553 640 precium
572 555 692 620 iuratus
714 555 823 630 fuerit,
845 561 951 618 careat
965 553 1075 630 ocutis,
1096 556 1122 618 si
1137 555 1240 621 minus
1255 575 1306 619 se·
1350 603 1357 622 .

273 670 420 743 miocolo,
441 677 472 732 et
486 669 572 751 quod
593 667 715 730 iuratus
738 666 798 730 fuit
817 667 964 730 dominus
986 665 1055 730 eius
1069 667 1237 748 dupliciter
1255 687 1307 732 re·

274 783 389 848 stituat.

357 891 404 977 (9)
428 895 470 956 De
484 895 530 956 iis
544 895 594 974 qui
609 896 729 976 cupiunt
741 897 849 976 sorem.
872 892 1148 974 Quociescumque
1166 893 1238 974 quis
1257 891 1306 956 iu·

273 1026 341 1070 rem
363 1007 482 1088 ceperit
503 1014 534 1069 ct
551 1005 714 1088 liguuerit,
735 1025 793 1087 per
806 1011 870 1068 tres
886 1004 954 1066 dies
976 1009 1099 1066 tantum
1120 1011 1244 1078 teneat,
1273 1005 1305 1066 in

275 1127 386 1202 quarto
407 1125 479 1180 ante
499 1117 636 1179 iudicem
658 1123 788 1190 statuat,
811 1125 842 1180 et
863 1115 889 1178 si
909 1115 990 1178 torto
1011 1135 1045 1180 se
1062 1115 1138 1178 furti
1160 1116 1307 1179 conscios

273 1229 475 1292 inuenturum
500 1227 697 1310 promiserit,
726 1247 781 1290 sex
803 1227 1048 1308 septimanarum
1070 1226 1180 1308 spacio
1201 1227 1312 1290 indui.

275 1342 418 1424 gencium
436 1340 568 1414 habeat,
590 1347 621 1402 et
642 1340 767 1402 interim
783 1357 863 1421 quos
884 1337 957 1400 torti
980 1337 1123 1400 conscios
1143 1355 1179 1400 se
1193 1339 1307 1406 inuen-

273 1461 379 1516 turum
395 1451 596 1534 promiserat,
611 1451 768 1524 inueniat,
783 1450 809 1512 si
823 1459 927 1514 autem
942 1469 1006 1510 non
1019 1449 1193 1524 inuenerit,
1211 1448 1308 1532 legati

274 1565 436 1628 sentencia
450 1564 624 1626 damnetur.
653 1564 679 1626 si
694 1581 772 1624 uero
786 1549 857 1645 pius
878 1552 973 1644 quiam
993 1581 1052 1644 per
1066 1569 1130 1626 tres
1149 1549 1305 1626 dieseum

274 1677 428 1750 tenuerit,
457 1684 489 1738 et
502 1677 534 1737 in
549 1682 671 1757 quarto,
693 1675 772 1736 sicut
787 1674 932 1748 diximus,
954 1673 1049 1736 iudici
1063 1689 1127 1736 non
1141 1683 1306 1756 presenta-

275 1787 375 1862 uerit‚
397 1795 428 1850 ct
442 1795 552 1870 postea
567 1785 616 1848 nel
631 1805 648 1848 a
663 1785 845 1868 parentibus
859 1785 957 1868 ipsius
973 1785 1061 1858 iuris,
1082 1785 1135 1848 uei
1147 1785 1305 1848 adomino

275 1900 303 1962 si
316 1898 477 1961 dominum
496 1897 605 1971 habet,
627 1895 820 1962 deciamacio
841 1895 978 1970 uenerit,
1000 1883 1071 1959 ante
1090 1897 1227 1962 iudicem
1241 1904 1305 1959 sta-

243 2009 245 2012 ’
275 2017 390 2084 matris,
412 2009 588 2091 quodcum
613 2007 806 2072 uinculatum
825 2009 940 2082 tenuit,
962 2015 993 2070 et
1014 2009 1188 2071 secundom
1199 2009 1306 2090 legem

275 2123 372 2185 tercia
386 2122 439 2184 uel
453 2129 565 2204 quarta
580 2121 630 2183 die
645 2140 710 2182 non
723 2121 1006 2202 representauerit,
1033 2121 1103 2204 ipse
1118 2122 1216 2184 eciam
1232 2130 1305 2184 ante

275 2235 410 2298 iudicem
434 2241 600 2298 statuatur.
632 2241 664 2296 et
688 2233 763 2316 quia
785 2233 900 2296 iniuste
924 2234 1030 2296 tenuit¹
1049 2233 1167 2308 foram,
1193 2234 1305 2298 decem

273 2365 385 2428 pensas
409 2345 587 2428 persoluat,
612 2343 663 2406 iur
679 2352 784 2408 autem
799 2345 973 2421 secundum
986 2343 1090 2427 legem
1106 2345 1304 2409 diiudicetur.

273 2467 305 2522 et
328 2458 440 2540 siquis
464 2463 632 2519 contumax
654 2456 804 2518 iudicium
828 2455 938 2518 iudicis
962 2457 1219 2539 transgredietur,
1248 2476 1305 2520 sex

272 2589 388 2653 pensas
407 2567 520 2633 soluat
551 2569 647 2632 iudex
661 2589 740 2632 uero
755 2587 813 2652 per
826 2569 891 2630 uim
905 2568 1007 2632 furem
1023 2569 1142 2651 capiat,
1167 2577 1199 2632 et
1209 2569 1238 2632 si
1250 2570 1305 2632 ior

271 2682 420 2744 iudicium
434 2681 599 2763 quesierit,
619 2681 797 2764 iudicioque
822 2681 895 2743 dato
916 2679 1115 2764 incuip'abiiis
1129 2680 1241 2756 suerit,
1263 2683 1310 2745 de

273 2795 321 2858 his
336 2815 391 2857 sex
406 2794 511 2876 pensis
527 2813 621 2857 unam
636 2800 743 2856 sancte
759 2792 892 2856 ecclesie
909 2793 1014 2856 donet.
1027 2800 1068 2856 et
1078 2796 1103 2856 si
1115 2793 1185 2877 quis
1197 2794 1306 2876 culpa-

272 2907 345 2970 bilis
359 2907 470 2980 inerit,
496 2925 566 2968 cnm
583 2905 668 2968 omni
682 2905 863 2968 substancia
877 2925 934 2968 sua
949 2905 981 2966 in
996 2905 1206 2968 substanciam
1219 2905 1311 2987 regis·

274 3025 467 3101 exportetur.

356 3127 425 3210 (to)
452 3131 496 3192 De
510 3131 555 3192 itis
569 3132 619 3210 qui
633 3132 666 3192 io
681 3129 869 3210 expedicione
882 3131 1034 3209 scrantur.
1084 3128 1118 3190 Si
1132 3147 1190 3191 rex
1203 3129 1236 3192 in
1251 3147 1306 3190 ers-

274 3243 441 3326 pedicione
457 3242 563 3316 fuerit,
588 3249 620 3304 ct
632 3241 756 3304 interim
771 3219 873 3304 furem
888 3241 958 3323 capi
971 3240 1156 3323 contigerit,
1184 3241 1238 3323 qui
1254 3261 1306 3302 cc-

276 3355 320 3436 pit
333 3355 464 3418 firmiter
478 3359 593 3417 teneat.
626 3354 681 3414 sed
695 3360 863 3434 postquam
877 3371 933 3415 rex
949 3361 981 3416 et
995 3353 1044 3415 sui
1060 3351 1206 3434 primates
1220 3353 1308 3416 redi-

273 3465 362 3538 bunt,
377 3466 466 3528 'ultra
487 3483 583 3546 quom
607 3463 777 3526 terminum
803 3463 886 3537 dixi,
914 3471 1023 3526 tenere
1047 3483 1112 3527 nou
1135 3469 1306 3545 presumat

275 3577 361 3658 quod
383 3577 408 3639 si
431 3576 523 3638 aliter¹
543 3575 671 3648 fecerit,
696 3593 752 3636 sex
766 3593 881 3656 pensas
896 3582 1072 3638 enumeret.
1098 3575 1173 3638 item
1194 3573 1308 3656 siquis

274 3689 307 3750 in
329 3687 537 3768 expedicione
557 3685 677 3748 furtum
700 3685 830 3760 iecerit,
859 3705 930 3750 cum
956 3687 1101 3749 omnibus
1120 3687 1216 3748 rebus
1240 3684 1307 3748 suis

276 3799 476 3880 exstirpetur.

282 3947 284 3952 ·
355 3907 423 3992 (12)
448 3911 735 3991 Deceyoeiutorid‘us
754 3911 884 3976 mettum
905 3911 938 3972 de
960 3911 1078 3974 ciuitate
1097 3911 1131 3972 io
1145 3912 1306 3973 ciuitatem.

274 4023 391 4106 Siquis
406 4023 447 4085 de
460 4022 585 4086 ciuitate
607 4023 727 4088 uadens
750 4023 783 4084 in
803 4023 978 4098 ciuitatem,
1000 4023 1112 4089 emerit
1127 4023 1181 4086 uel·
1194 4022 1308 4086 uendi-

268 4116 371 4208 dertt,
394 4141 425 4196 et
439 4131 465 4196 si
479 4135 565 4216 quod
580 4135 665 4218 prius
685 4134 847 4210 uendidit,
869 4134 1137 4220 postca'furatum
1155 4153 1229 4198 esse
1250 4153 1308 4217 sp-

274 4245 431 4330 paruerit,
460 4243 514 4309 ure
537 4246 592 4332 qu
610 4245 764 4322 uenatus,
790 4247 871 4310 aaut
894 4246 945 4312 aa
966 4245 1167 4322 attuatos-ur,
1200 4248 1232 4312 et
1252 4228 1308 4330 qui
