2924 4758
421 413 562 468 'strenus
583 415 813 468 §cartomensis
832 415 935 468 raros.
1135 395 1196 468 353

160 583 283 640 matam
302 572 446 638 redeant.
473 575 499 640 si
518 595 596 640 uero
610 575 751 641 infamati
771 585 844 643 sunt
864 575 993 639 omnino
1015 575 1197 652 discedant,

161 709 226 752 nec
240 689 374 750 redeant
386 686 447 750 nisi
462 707 533 750 cum
548 688 690 751 formata.

249 801 326 876 (22)
348 798 451 862 nullus
467 799 634 881 episcopus
655 805 708 862 aut
721 797 875 880 presbiter
889 806 944 862 aut
957 799 1053 864 abbas
1069 797 1196 864 missam

162 911 326 974 celebrare
342 911 457 972 audeat
477 918 585 974 contra
600 910 795 972 uoluntatem
810 910 976 992 presbiteri
990 910 1135 974 ecclesie.

248 1024 327 1098 (23)
350 1019 530 1104 quicunque
547 1023 586 1083 ad
599 1021 722 1085 titulum
735 1023 895 1086 ordinatus
911 1031 958 1086 est
971 1025 1024 1086 uel
1035 1043 1107 1086 cum
1122 1041 1197 1104 pro-

160 1133 303 1196 ‘t‘essione
325 1139 499 1214 susceptus,
520 1153 585 1194 non
606 1132 748 1214 priuetur
769 1132 880 1194 ordine
906 1130 957 1196 uel
977 1133 1115 1207 honore,
1136 1131 1197 1195 nisi

157 1267 262 1330 super
278 1247 372 1310 certis
394 1244 577 1308 criminibus
596 1244 712 1308 iudicio
735 1245 898 1308 canonico.
925 1246 982 1308 sed
1002 1265 1106 1328 neque
1127 1245 1196 1327 ipse

162 1360 317 1423 recedere
333 1359 461 1433 audeat,
482 1357 542 1420 nisi
557 1357 638 1420 icrte
654 1357 691 1420 ad
708 1357 859 1420 maiorem
876 1359 1109 1438 promouendus
1125 1378 1197 1440 gra·

164 1473 258 1545 dum,
273 1472 358 1554 quod
370 1469 472 1534 eciam
485 1471 651 1554 episcopus
663 1491 737 1532 suus
753 1470 888 1552 benigne
901 1471 995 1534 debet
1006 1471 1197 1534 consentire.

249 1583 324 1659 (23)
346 1584 372 1645 si
387 1583 504 1665 quisse
519 1601 708 1664 oppressum
722 1581 891 1657 existimat,
911 1581 1004 1645 liceat
1018 1582 1076 1646 sibi
1091 1583 1197 1646 conci-

159 1697 240 1760 lium
255 1695 432 1778 episcopale
447 1695 618 1777 appellare.

158 1819 161 1824 '
248 1809 326 1883 (25)
349 1807 374 1870 si
396 1807 467 1889 quis
486 1825 565 1869 uero
589 1805 774 1868 clericorum
793 1813 849 1867 aut
869 1807 1017 1868 abbatum
1037 1805 1071 1868 in
1093 1805 1196 1868 causis
1307 1825 1310 1830 ’

163 1919 384 1984 ecciesiasticis
403 1919 513 1981 relicto
534 1915 707 1998 episcopali
725 1916 841 1980 iudicio
855 1917 993 1999 regalem
1010 1917 1129 1980 curiam
1144 1923 1197 1980 aut

161 2031 307 2096 seculare
331 2029 480 2092 iudicium
507 2028 638 2104 adierit,
670 2047 798 2092 causam
823 2029 933 2110 perdat
958 2036 989 2092 et
1016 2029 1197 2112 penitencia

166 2145 326 2208 emendet.
478 2145 490 2184 ⁸
610 2162 612 2170 ·

247 2255 327 2331 (26)
349 2254 428 2317 ordo
444 2251 623 2316 diuinorum
639 2250 815 2312 ciliciorum
835 2258 866 2314 et
879 2249 1069 2312 ieiuniorum
1084 2269 1197 2313 secun-

164 2365 240 2430 dum
253 2367 410 2441 libellum,
426 2387 521 2449 quem
537 2363 805 2437 conlaudauimus,
828 2363 866 2424 ab
882 2361 1025 2424 omnihus
1040 2368 1196 2424 teneatur.

248 2479 323 2554 (27)
351 2479 417 2540 uita
439 2486 470 2542 et
490 2476 593 2540 uictus
614 2475 836 2540 canonicorum
857 2473 1033 2538 secundum
1054 2471 1196 2554 regulam

162 2592 305 2675 ipsorum
320 2590 523 2672 abepiscopo
540 2590 757 2670 disponantur.

247 2703 326 2779 (28)
349 2702 374 2764 si
389 2701 458 2784 quis
474 2699 633 2782 hospitum
649 2697 800 2762 canonice
821 2696 928 2782 regule
945 2719 979 2762 se
994 2705 1106 2781 sponte
1121 2699 1195 2762 sub-

163 2817 293 2890 diderit,
314 2813 409 2876 nichil
430 2815 469 2876 ad
490 2813 590 2875 lilium
613 2811 682 2874 eius
703 2810 876 2894 pertineat,
896 2811 956 2874 nisi
978 2811 1059 2874 forte
1082 2817 1114 2873 ct
1127 2809 1195 2893 ipse

161 2926 312 2992 uoluerit.
326 2939 330 2948 '

248 3041 326 3116 (29)
348 3039 374 3101 si
395 3057 473 3102 uero
496 3037 629 3100 clericus
651 3057 763 3100 seruus
778 3033 910 3098 ecclesie
925 3031 1035 3108 fuerit,
1056 3031 1112 3096 filii
1127 3031 1193 3095 eius

161 3151 206 3217 'ad
230 3151 393 3233 pristinam
420 3149 604 3214 seruitutem
629 3169 693 3213 non
713 3147 863 3222 redeant,
893 3145 949 3209 sed
972 3145 1055 3208 inter
1079 3144 1196 3207 liberos

165 3263 300 3326 ecclesie
314 3261 499 3325 habeantur.

160 3387 164 3396 ’
249 3375 326 3450 (30)
347 3373 463 3434 nullius
482 3389 594 3435 seruus
609 3370 740 3434 clericus
756 3369 929 3442 ordinetur,
957 3363 1017 3429 nisi
1032 3373 1125 3429 antea
1140 3365 1197 3428 do-

165 3485 268 3550 minus
284 3484 351 3548 eius
367 3483 491 3566 plenam
508 3482 567 3547 sibi
582 3481 705 3546 dederit
718 3482 906 3544 libertatem.

248 3598 324 3673 (31)
346 3595 529 3679 presbiteris
550 3613 683 3669 arurae,
710 3611 787 3674 quas
808 3591 842 3652 in
862 3587 1008 3671 legitimis
1032 3586 1196 3650 ordinibus

167 3716 374 3792 acceperunt,
401 3706 597 3772 moderacius
622 3705 784 3768 habendas
806 3701 936 3785 prouisa
961 3698 1127 3782 fragilitate
1148 3700 1197 3763 in-

167 3819 329 3886 dnlsimus.

248 3933 327 4009 (32)
349 3931 402 4016 qui
414 3931 580 3994 diaconum
594 3927 647 3992 uel
660 3925 900 4009 presbiteratum
915 3923 982 3987 sine
996 3924 1196 3993 matrimonio

162 4045 271 4129 'adepti
286 4052 361 4108 sunt
370 4089 380 4122 ,
399 4063 532 4108 uxorem
547 4043 664 4105 ducere
678 4057 743 4103 non
757 4038 842 4102 licet.

248 4159 327 4235 (33)
348 4175 464 4222 uxores
487 4155 707 4240 episcoporum
728 4147 920 4254 episcopalia
939 4149 1052 4235 predia
1070 4167 1134 4212 non
1147 4147 1196 4212 in-

163 4268 318 4341 habitent.
