3048 4760
261 477 263 482 .
329 427 590 492 cosrrrrnrroms
605 445 876 492 mulceamur
889 446 1047 492 uorrnmu.
1070 417 1159 492 1298.
1200 429 1261 494 '633

231 603 273 685 ab
287 599 407 664 actibus
422 597 590 673 nobilium,
605 601 699 682 atque
714 599 754 662 ab
769 599 855 662 aditu
871 643 880 662 .
896 645 904 662 .
919 599 933 662 .“
943 601 1127 664 eorumdem
1143 600 1262 664 exclnsi

228 719 396 787 'mansuum
418 713 457 774 ab
472 711 617 774 omnibus
632 712 752 776 actibus
767 711 913 795 legitimis
928 712 1033 776 alieni.
1096 697 1099 700 ’

235 806 236 810 ¹
315 821 360 906 (a)
381 823 414 886 Si
429 823 483 906 qui
498 843 576 886 uero
587 824 633 886 'cx
646 823 714 886 istis
729 869 737 886 .
753 869 761 887 .
776 869 784 886 .
800 870 808 886 .
831 825 1046 908 insurgerent,
1069 845 1148 908 quos
1162 824 1263 888 domi·

230 957 290 1000 nus
304 942 412 998 noster
425 956 480 997 rex
495 935 674 1018 Huugarie,
695 937 840 999 inuncata
855 942 887 999 et
901 935 1092 1019 congregata
1106 934 1196 1018 regni
1211 937 1261 998 sui

230 1066 325 1110 manu
339 1046 518 1128 deprimere
532 1066 596 1108 uon
611 1053 729 1129 posset,
744 1055 775 1110 et
785 1047 874 1130 penis
890 1043 1076 1129 supradictis
1091 1036 1261 1120 adducere,

230 1158 350 1224 licitum
368 1157 413 1220 illi
434 1157 474 1221 sit
487 1159 638 1226 auxilium
661 1157 787 1222 aliunde
803 1158 989 1242 implorare,
1011 1179 1069 1246 per
1084 1156 1170 1241 quod
1186 1146 1262 1222 con·

230 1269 316 1334 uinci
339 1270 439 1352 possit
462 1269 571 1334 feritas
593 1271 859 1353 delinquendum,
895 1276 926 1334 ct
951 1266 977 1334 si
1002 1271 1088 1334 idem
1116 1270 1262 1332 dominus

231 1389 341 1445 noster
358 1400 417 1444 rex
435 1379 616 1444 huiusmodi
631 1382 852 1463 delinquentes
876 1381 1023 1469 persequi
1044 1401 1109 1442 non
1128 1387 1263 1454 curaret,
1290 1383 1293 1387 ’

233 1501 264 1555 et
276 1494 366 1574 penis
380 1492 564 1574 supradictis
580 1493 777 1576 negligenter
791 1492 903 1574 punire
920 1491 1116 1564 obmitteret,
1145 1505 1262 1554 renun-

233 1605 344 1666 ciando
360 1601 647 1686 omni'pri‘uilegio,
668 1605 695 1667 si
710 1604 803 1686 quud·
815 1603 910 1668 nabet
925 1604 965 1664 de
980 1623 1020 1664 eo
1036 1603 1121 1684 quod
1136 1621 1263 1664 excom·

232 1715 384 1778 masticari
403 1735 468 1776 non
487 1716 604 1796 possit,
624 1736 682 1797 per
694 1714 856 1778 dominum
877 1705 1151 1795 archiepiscopum
1177 1712 1263 1776 colo·

232 1831 359 1890 oensem
367 1869 376 1899 ,
405 1825 489 1886 omni
511 1825 704 1906 prelatorum
726 1823 857 1888 consilio
880 1827 1081 1899 attendente,
1108 1827 1201 1906 prout
1221 1824 1262 1887 ad

232 1937 293 2000 hoc
307 1935 453 2000 dominus
472 1956 529 2000 res
550 1959 584 2000 se
606 1959 664 2020 per
677 1939 783 2002 literas
798 1958 871 2001 suas
886 1937 1040 2020 speciales
1055 1937 1224 2020 obligauit,
1243 1956 1261 2000 a

161 2099 165 2106 .
226 2049 371 2112 ‘Romana
385 2049 461 2112 sede
477 2047 598 2131 capella
611 2049 679 2111 cius
694 2047 911 2112 interdicatur.

316 2157 362 2242 (7)
382 2160 521 2238 Berones
540 2159 639 2222 eciam
662 2167 693 2222 et
713 2159 765 2221 alii
786 2159 927 2232 nobiles,
950 2159 1005 2240 qni
1026 2179 1060 2220 se
1081 2157 1262 2220 huiusmodi

234 2272 409 2354 dampnatis
423 2279 455 2334 ct
469 2271 696 2353 dampnacione
708 2269 810 2354 dignis
824 2269 1039 2344 adiunxerint,
1052 2268 1145 2332 simili
1157 2268 1262 2332 subia-

233 2383 324 2447 ceant
338 2381 465 2446 ulc‘ioni.
615 2387 618 2393 '
673 2383 676 2390 '
1245 2379 1247 2386 “

314 2491 360 2577 (8)
381 2495 422 2558 Et
435 2493 510 2578 quia
525 2495 739 2558 crescentibus
754 2493 948 2580 excessibus,
961 2511 1106 2556 crescere
1122 2491 1217 2560 delict
1230 2497 1263 2558 st

234 2625 328 2688 pena,
356 2627 415 2689 pro
438 2627 477 2670 eo
502 2607 641 2688 episcopi
664 2605 841 2680 diocesani,
872 2605 1060 2688 inquorum
1081 2604 1262 2684 diocesianis
1339 2622 1340 2626 ’

233 2717 349 2780 fectum
368 2715 430 2780 hoc
453 2717 548 2780 adeo
563 2723 595 2780 et
608 2715 748 2800 presenti
763 2724 844 2779 statu
860 2717 1076 2797 dampnatum,
1098 2713 1262 2797 attempta·

233 2831 300 2890 tum
320 2825 433 2899 tlrorit,
452 2827 485 2890 iu
507 2825 648 2889 ecclesiis
672 2834 703 2889 et
724 2825 850 2908 pupulis
872 2827 974 2890 taliter
991 2803 1262 2908 dampnandnrum

233 2935 432 3000 interdictum
456 2945 589 3018 ponant,
605 2947 643 3016 et
662 2937 799 3019 positum
821 2914 939 3000 tamdiu
953 2937 1069 3000 faciant
1083 2934 1263 3007 obseruari,
1304 2923 1308 2931 ’

234 3047 336 3112 donec
355 3047 415 3111 hec
439 3049 606 3132 premissa,
632 3050 821 3130 operacione
845 3048 961 3113 domini
984 3047 1067 3130 regis
1090 3046 1262 3136 accidente,

233 3160 328 3224 linem
343 3161 469 3244 capiant
483 3163 720 3244 congruentem.
999 3143 1001 3150 ’
1140 3247 1143 3251 ⁴

316 3269 362 3354 (9)
380 3274 458 3337 ltern
473 3272 667 3336 municiones
683 3279 715 3336 et
727 3270 861 3336 Castella
876 3273 915 3336 de
931 3293 1014 3336 nouo
1030 3271 1148 3354 absque
1163 3268 1262 3332 licen·

234 3384 281 3446 cia
302 3385 420 3448 domini
443 3385 536 3468 regis,
557 3385 610 3448 uel
632 3383 694 3467 qud
717 3375 834 3449 luerint
854 3383 949 3458 tales,
971 3383 1144 3467 dequibus
1166 3363 1262 3444 detri-

234 3505 338 3559 menta
360 3495 545 3570 inferuntur,
566 3487 619 3559 uel
640 3495 846 3577 imposterum
864 3495 973 3558 inferri
994 3500 1261 3578 presumerentur,

232 3615 287 3670 aut
300 3608 398 3671 eciam
411 3609 523 3691 quibus
538 3607 607 3690 ipse
621 3607 843 3690 possessiones
855 3627 920 3670 non
934 3605 1107 3682 sufficiunt,
1121 3607 1261 3696 minores

231 3719 330 3784 eciam
341 3740 447 3800 =super
469 3720 620 3782 ecclesias
642 3727 673 3783 ot
692 3717 881 3782 monasteria
902 3718 998 3792 lactc,
1018 3719 1085 3782 sine
1106 3703 1261 3782 dilacione

230 3830 316 3892 omni
335 3829 509 3894 deleantur.
538 3850 599 3912 que
618 3829 644 3892 si
665 3831 827 3896 destructa
841 3849 907 3892 non
925 3827 1058 3904 fuerint,
1079 3829 1261 3892 detentores

230 3941 403 4004 earundem
418 3940 645 4015 municionum,
660 3939 855 4005 sentenciam
869 3925 1205 4004 excommunicacionis
1220 3955 1261 3998 ex

229 4058 434 4116 nunc'natam
446 4030 619 4116 'incurrant
640 4057 672 4116 et
686 4051 891 4116 nihilominus
901 4072 957 4134 per
968 4051 1130 4115 dominum
1141 4063 1260 4130 regern,

230 4163 285 4226 ulii
306 4161 392 4228 idem
410 4164 602 4248 processerit
621 4165 654 4226 i'n
675 4163 785 4248 r'egno,
805 4164 858 4227 uel
880 4184 937 4246 per
956 4161 1130 4228 Palatinum
1150 4160 1260 4223 huius-

189 4315 194 4320 -
231 4275 317 4340 modi
332 4275 528 4342 municiones
543 4273 717 4342 deleantur.
738 4282 821 4340 terro
836 4275 1011 4360 siquidem,
1032 4273 1085 4338 ubi
1099 4271 1176 4338 tales
1191 4285 1261 4352 nrju·

971 4375 1010 4438 tt
