2924 4758
354 420 379 468 s.
394 419 546 466 munusue
566 417 657 468 nnus
678 421 888 470 nucnnrcnua
911 423 1005 470 nrann
1026 423 1048 470 r.
1145 407 1206 471 313

254 575 306 638 111.
351 573 459 652 Quales
473 574 594 640 casam
614 585 671 637 'eece
690 585 772 638 testes
787 587 1008 642 adamatores
1023 581 1205 644 clericerum.

166 691 414 752 Testesiautem
437 691 477 747 ct·
492 693 692 748 accusatores
715 685 909 750 clericorum.
927 689 995 755 sine
1018 689 1123 773 aliqua
1145 691 1208 754 sint

164 799 315 872 inicmia,
343 817 459 860 uxeres
481 805 514 860 et
536 795 617 859 filias
639 797 812 873 habentes,
842 807 873 864 et
897 802 1025 864 omnino
1047 802 1206 868 Christum

166 913 382 995 predicantes.

253 1023 304 1084 tv.
347 1023 418 1084 Item
433 1023 466 1086 dc
482 1024 589 1085 ecdem.
632 1024 826 1087 Testimoniu
845 1024 917 1088 laici
938 1025 1092 1091 aduersus
1115 1027 1206 1090 cleri·

166 1153 241 1196 erum
263 1153 357 1196 nemo
372 1133 511 1215 recipiet.
539 1151 633 1196 nemu
650 1135 732 1196 enirn
749 1135 898 1198 clericum
912 1138 1086 1218 quemlibet
1099 1139 1131 1201 in
1146 1157 1205 1220 pu-

165 1246 252 1309 blica
264 1244 446 1308 examinare
461 1254 639 1328 presumat,
660 1247 720 1308 uisi
736 1245 769 1308 in
784 1245 929 1310 ecclesie.

253 1355 290 1417 V.
332 1357 376 1417 De
389 1358 487 1418 labore
500 1357 690 1418 sacerdotum.
733 1357 850 1420 Scitote
866 1357 979 1420 iratres
991 1359 1104 1434 cuncti,
1119 1359 1205 1442 quud

166 1487 266 1550 super
281 1487 390 1530 omnes
405 1488 463 1531 uos
484 1465 606 1532 laborat
624 1468 783 1530 sacerdos.
813 1470 1031 1551 unusquisque
1051 1472 1133 1534 enim
1148 1491 1205 1534 ue-

165 1589 272 1644 strum
290 1597 381 1644 suum
401 1581 461 1642 tert
482 1579 623 1640 iuberem
637 1578 826 1660 -pncprium,
848 1577 907 1642 ille
923 1600 1001 1642 uere
1025 1589 1056 1644 et
1074 1599 1204 1644 sucrum

167 1701 202 1759 et
223 1689 427 1774 singulorum.
456 1699 487 1754 et
501 1691 575 1757 ideo
589 1692 668 1754 sicut
682 1691 734 1754 ille
751 1711 809 1773 pru
826 1692 970 1754 omnibus
986 1694 1094 1768 uubis,
1116 1695 1158 1756 ite
1172 1703 1204 1760 et

165 1823 227 1868 uos
249 1823 358 1867 omnes
379 1823 436 1886 pcc
457 1821 496 1867 eu
516 1780 638 1866 sumnia
654 1823 749 1889 opere
764 1804 908 1868 laborare
924 1805 1062 1880 debetis,
1084 1807 1116 1868 in
1131 1815 1202 1870 tan-

165 1925 235 1980 tum
250 1925 284 1978 ut
298 1918 323 1978 si
338 1917 511 1982 necessitas
529 1916 780 1990 fucrit,¹animcs
797 1923 917 1980 uestras
941 1938 997 1998 pru
1014 1937 1052 1982 ec
1068 1918 1205 2000 ponatis,

250 2028 303 2090 Vl.
323 2029 367 2089 Dc
376 2030 552 2092 concessione
562 2030 655 2108 sequti
664 2030 858 2109 propriarum
869 2042 979 2090 rerum.
992 2030 1202 2092 Decreuimus

164 2148 275 2202 nestra
293 2141 391 2222 regali
411 2141 572 2221 potencia,
593 2147 628 2202 ut
646 2141 863 2222 unusquisque
884 2141 1065 2208 facultatem
1084 2142 1202 2210 babeat

165 2269 226 2312 sua
247 2251 425 2325 diuidendi,
452 2251 611 2314 tribuendi
636 2251 743 2324 uxori,
772 2251 844 2320 liliis
871 2250 1076 2332 filiabusque,
1106 2260 1201 2334 atque

165 2362 351 2444 perentibus
373 2363 440 2424 sine
463 2362 606 2424 eeclesia.
640 2381 699 2424 nec
722 2367 794 2444 post
816 2362 935 2424 obitum
958 2363 1026 2424 eius
1049 2363 1201 2444 quisbue

154 2473 332 2537 destruere
347 2475 471 2536 audeat.

239 2587 316 2648 'Vll
359 2587 402 2648 Dc
417 2597 528 2650 retecta
542 2590 686 2667 nequitum
700 2607 810 2650 rerum.
836 2587 985 2652 Uulnmus
1001 2589 1147 2670 quidem,
1167 2595 1203 2652 ut

167 2699 247 2763 sicut
261 2698 375 2762 ceteris
390 2699 572 2762 facultatem
587 2701 731 2762 dedimus
747 2700 928 2762 dominandi
944 2720 1071 2762 suarum
1085 2721 1202 2776 rerum,

169 2810 213 2872 ita
234 2811 332 2874 eciam
351 2831 421 2884 res,
443 2809 574 2884 milite-s,
597 2830 708 2872 seruos
724 2818 756 2872 et
770 2810 923 2894 quidquid
944 2811 983 2872 ad
998 2818 1138 2874 nostram
1152 2831 1203 2874 re-

172 2921 275 3002 galem
291 2921 473 3002 dignitatem
494 2921 645 3001 pertinet,
665 2939 852 3002 permanere
866 2919 1044 3000 immobile,
1068 2929 1098 2982 et
1113 2940 1132 2980 a
1146 2940 1203 2982 ne-

170 3031 255 3093 mine
270 3031 347 3112 quid
358 3031 433 3096 inde
448 3030 589 3111 rapiatur
605 3039 658 3094 aut
672 3031 882 3094 subtrabatur.
915 3050 975 3092 nec
989 3031 1155 3112 quisquam
1169 3031 1201 3092 in

169 3142 219 3204 bis
232 3143 383 3224 predictis
398 3143 457 3204 sibi
472 3141 617 3206 fauorem
632 3144 797 3224 acquirere
813 3144 939 3204 audeat.

251 3253 343 3314 Vlll.
373 3255 416 3315 De
441 3257 644 3318 obseruatione
662 3255 809 3314 ‘dominici
832 3255 901 3316 diei.
955 3253 986 3316 Si
1012 3254 1082 3336 quis
1107 3253 1203 3336 igitur

171 3363 326 3444 presbiter
340 3365 391 3428 uel
406 3384 522 3438 comes,
542 3365 610 3428 siue
627 3363 688 3426 alia
703 3383 837 3444 persona
851 3363 963 3438 fidelis,
979 3365 1029 3426 die
1045 3365 1203 3428 dominica

168 3475 326 3539 inuenerit
341 3475 513 3556 quemlibet
528 3474 742 3548 laborantem,
764 3474 832 3536 siue
847 3494 918 3536 cum
937 3477 1055 3548 bubus,
1076 3475 1203 3538 tollatur

168 3585 310 3658 cibibus
331 3593 363 3646 et
377 3585 498 3648 ciuibus·
513 3585 553 3646 ad
570 3585 824 3648 manducandum
840 3585 941 3648 detur.
970 3587 995 3648 si
1011 3594 1116 3670 autem
1132 3607 1202 3650 cum

115 3687 121 3692 ’
169 3697 268 3777 equis,
291 3695 416 3758 tollatur
430 3715 545 3779 equus,
566 3717 660 3778 quem
675 3695 820 3759 dominus
835 3697 919 3760 boue
934 3697 1085 3771 redimat,
1106 3697 1133 3758 si
1147 3717 1203 3760 ue-

168 3807 220 3880 lit,
243 3814 273 3870 et
287 3808 371 3870 idem
386 3809 443 3870 bus
459 3809 668 3870 manducetur
683 3814 717 3870 ut
732 3807 850 3870 dietum
865 3814 921 3871 est.
944 3808 970 3869 si
986 3808 1056 3890 quis
1073 3807 1140 3870 aliis
1150 3809 1203 3870 in·

166 3919 366 3992 strumentis,
386 3917 544 3983 tollantur
562 3919 770 3981 instrumenta
793 3923 824 3980 et
844 3917 1052 3993 uestimenta,
1075 3936 1154 4000 que,
1176 3917 1203 3980 si

165 4027 260 4104 uelit,
284 4037 355 4093 cute
370 4031 514 4094 redimat.

248 4141 305 4204 IX.
344 4143 417 4204 Item
437 4144 531 4206 aliud.
582 4143 609 4206 A
634 4141 849 4206 sacerdotibus
872 4161 953 4206 uero
980 4149 1011 4206 et
1035 4141 1198 4204 comitibus

166 4253 405 4321 commendetur
425 4255 570 4323 amnibus
591 4253 705 4332 uilieis,
726 4255 771 4320 ita
789 4263 824 4322 ut
837 4255 962 4322 illerum
982 4256 1071 4320 iussu
1087 4271 1197 4318 omnes
