2924 4758
358 429 667 482 mamistenum
688 431 866 478 mannum
889 429 994 481 mss
1127 407 1192 478 eet

156 609 237 656 uera
258 586 314 674 qui
325 587 448 662 babet,
470 585 498 652 ri
516 587 638 653 interea
652 586 733 650 datis
753 587 812 650 sibi
827 585 962 650 induciis
976 605 1041 650 nen
1054 587 1190 662 ueniat,

157 701 290 765 amittat.

233 814 324 887 (75)
343 809 573 896 Agriaulturam
588 818 697 876 autem
710 811 822 893 siquis
838 831 948 874 aarum
961 809 1077 885 babet,
1090 828 1190 894 ‹pega-

156 923 209 990 nis
227 923 310 990 bunc
326 923 496 1006 meneipiis
521 930 676 987 exerceat.
710 923 927 1004 possessiones
949 922 1193 1004 quidem-Iudai

158 1037 211 1119 qui
232 1043 365 1118 pessunt
385 1057 506 1110 emere,
533 1036 686 1109 habeant,
715 1036 772 1098 sed
792 1033 852 1116 ipsi
870 1053 1028 1116 nusquam
1050 1033 1111 1098 nisi
1135 1035 1191 1098 ubi

156 1148 252 1210 sedes
270 1147 457 1228 episcopalis
474 1155 539 1220 est,
561 1165 694 1210 manere
705 1146 857 1210 sinuntur.

243 1261 326 1348 (76),
354 1259 462 1327 Nullus
487 1258 699 1323 babitaneium
727 1259 759 1320 in
784 1258 946 1340 Hungaria
974 1257 1189 1322 adiacentibus

156 1361 322 1453 Hungarie
351 1369 534 1452 regionibus
561 1369 766 1452 hungarieum
791 1389 907 1451 equum
932 1389 1038 1432 emere
1066 1370 1191 1432 audeat.

158 1485 247 1566 quod
262 1483 289 1545 si
303 1483 373 1564 quis
390 1491 526 1556 emeret,
548 1502 584 1545 ae
599 1489 633 1544 ut
646 1503 719 1544 euru
734 1482 855 1546 furatus
876 1483 917 1544 sit
937 1482 994 1542 sibl
1009 1481 1189 1563 impositum

157 1595 254 1660 fuerit
267 1592 347 1656 inira
360 1593 569 1676 Huugariam,
586 1601 618 1656 et
632 1614 731 1675 usque
747 1595 787 1656 ad
800 1592 881 1656 lines
894 1594 1054 1676 Hungarie
1068 1600 1189 1656 tantum

160 1725 290 1772 eausam
313 1725 369 1770 sue
390 1705 603 1774 euuusaeiunis
625 1707 815 1786 protendere
840 1707 872 1768 ei
892 1705 993 1770 liceat
1024 1725 1192 1769 eumueru

158 1817 235 1900 equi
250 1817 452 1881 uenditorem
469 1817 502 1878 in
524 1825 665 1881 extrema
679 1837 812 1898 querere
833 1818 971 1880 uoluerit
989 1820 1104 1901 patria,
1125 1839 1191 1881 nnn

156 1927 233 1990 illuc
248 1928 294 1993 ise
310 1928 517 2008 permittatur,
540 1929 595 1991 sed
610 1928 686 1990 ferri
700 1927 850 1992 iudicium
864 1936 979 2011 portet.
1007 1931 1033 1992 si
1047 1951 1120 1994 reus
1134 1949 1191 2012 ap·-

158 2039 301 2120 paruerit
315 2060 371 2120 pro
386 2040 457 2105 fure
470 2041 634 2114 iudieetur,
653 2041 680 2102 si
693 2041 831 2105 mundus
843 2062 907 2103 nun
922 2049 956 2104 ut
970 2042 1021 2104 fur·
1034 2049 1189 2118 teneatur,

158 2153 218 2216 sed
233 2151 339 2234 presio
353 2173 418 2234 quo
433 2159 553 2216 emerat
566 2151 764 2216 solummedo
780 2161 896 2216 careat,

244 2266 326 2340 (77)
343 2265 442 2329 Nemo
457 2283 583 2328 seruum
599 2264 762 2346 ingerere
773 2265 1005 2346 Hungarnrunr,
1015 2264 1068 2327 uel
1079 2285 1192 2346 quem*

156 2375 235 2440 libet
248 2374 452 2456 inllungaria
465 2383 572 2438 natum
585 2373 811 2458 alienigenam,
829 2395 889 2437 nee
904 2375 1059 2449 ancillam,
1074 2395 1193 2458 excep„

132 2509 134 2512 ’
158 2487 200 2552 tis
210 2487 320 2569 lingue
336 2486 462 2554 alterius
477 2487 590 2561 seruis,
609 2487 664 2568 qui
678 2491 718 2549 ab
733 2486 800 2548 aliis
815 2485 901 2551 ducti
914 2495 986 2549 sunt
998 2487 1192 2570 regionibus,

160 2599 291 2670 uendat,
302 2617 362 2660 nee
374 2597 458 2660 aliud
466 2599 584 2660 animal
597 2607 704 2680 preter
718 2599 818 2661 boues
833 2587 989 2662 masculus
1003 2605 1093 2660 extra
1102 2597 1192 2674 Hans

161 2707 283 2790 gariam
304 2709 445 2777 uendere
465 2709 518 2771 uel
533 2710 648 2772 ducere
664 2710 787 2772 audeat.
815 2709 941 2791 quodsi
956 2711 1025 2792 quis
1041 2709 1192 2782 comitum

159 2819 362 2901 infringeret,
385 2829 438 2882 aut
453 2820 575 2885 bonore
592 2841 650 2884 suo
665 2822 817 2902 priuetuu
837 2829 892 2883 aut
906 2821 984 2884 duas
998 2841 1111 2884 rernm<1
1119 2841 1192 2884 sua-

158 2950 231 2992 rum
255 2939 362 3012 partes
387 2930 523 3005 amittat,
543 2931 642 2995 tersia
665 2953 743 2996 uwero
765 2931 945 2995 substansia
969 2931 1081 3012 paureio
1097 2930 1192 2994 uxori

161 3050 258 3124 atque
274 3043 445 3106 heredibus
459 3043 524 3106 suis
539 3052 710 3108 remaneat.

243 3155 325 3230 (78)
348 3153 497 3236 Quisquis
513 3155 661 3220 remitum
683 3156 715 3216 ia
735 3156 883 3218 comitatu
905 3175 963 3218 sue
976 3156 1104 3220 terciam
1120 3154 1192 3218 nbi-

160 3285 224 3348 qus
235 3275 357 3347 partem
369 3267 506 3330 babeant
520 3268 560 3330 de
574 3266 701 3330 tribulo.
723 3287 780 3330 rex
796 3289 872 3331 uero
883 3269 923 3331 ad
940 3269 1067 3350 plenum
1081 3269 1121 3332 de
1134 3268 1190 3332 tri-

158 3378 236 3440 butu
252 3379 392 3443 omnium
406 3378 549 3444 similiter
563 3381 642 3442 duas
655 3387 759 3460 partes
774 3379 899 3442 habent.

243 3493 320 3565 (79)
343 3490 462 3573 Singuli
478 3491 609 3556 comites
623 3511 679 3573 per
690 3511 919 3574 quemeumque
934 3511 1064 3554 suorum
1077 3491 1193 3555 uoluee

146 3585 223 3664 ‘rint
237 3603 393 3677 denarius,
415 3603 468 3685 qul
482 3623 540 3685 per
554 3603 721 3667 uniuersas
735 3604 898 3686 Hungarie
917 3611 1022 3684 partes
1037 3602 1189 3686 eolligun-

158 3721 228 3787 tur,
242 3723 393 3796 quantum
414 3733 511 3796 super
532 3735 596 3778 unu
618 3735 745 3797 quoque
765 3715 986 3778 centurionata
1007 3714 1103 3778 fuerit
1124 3715 1189 3777 col·

158 3825 292 3900 lectura,
312 3825 496 3890 nominatim
518 3827 577 3889 sub
597 3833 684 3889 nerto
706 3827 879 3890 scribentes
900 3845 1046 3901 numeru,
1070 3827 1189 3910 strigu-

159 3936 249 4001 nium
271 3958 374 4020 usque
392 3940 443 4002 ad*
464 3937 580 4002 festum
606 3938 712 4001 saneti·
728 3936 901 4004 bliebaelis-
917 3939 1050 4006 mittant.
1084 3957 1194 4021 neque·

158 4049 246 4131 prius
267 4069 343 4131 rege
364 4051 495 4114 remites
515 4043 569 4114 uel
582 4047 789 4114 centuriones
808 4056 927 4132 partem
946 4050 1112 4132 accipient,
1131 4049 1193 4112 sedi

157 4159 193 4222 in
211 4161 327 4224 eodem
345 4161 426 4236 loeo,
455 4161 602 4230 uidelicet
620 4160 784 4244 strigonii,
810 4160 866 4224 bat
886 4162 1026 4227 narnium
1047 4159 1193 4242 parcium

159 4271 284 4338 diuisin.
328 4273 355 4338 si
384 4273 459 4357 quis
484 4280 592 4342 autem
617 4293 719 4358 usiae
739 4273 944 4359 ›ad-sterapus
974 4272 1190 4360 presignatum
