2924 4758
306 1069 688 1192 cenomanni
717 1103 913 1192 naurs
951 1104 1077 1190 unx

652 1303 737 1348 DATA

248 1417 401 1548 mnu
425 1459 471 1544 n
494 1459 574 1544 sno
601 1459 738 1546 mano
765 1427 1131 1544 comunimus.
1159 1403 1160 1408 Ὺ

207 1647 232 1700 Ε
245 1646 334 1699 codice
346 1646 582 1700 chartacee'secnii
593 1647 649 1700 XV.
659 1647 821 1699 bibliothecae
832 1611 1173 1714 paletinoei'iniiobonensis.

261 1927 473 1990 Colomannus
494 1925 598 2008 gracia
614 1925 665 1988 dei
688 1918 745 1987 rex
758 1925 979 2007 Hungarorum
998 1922 1080 1986 hano
1101 1923 1208 2008 legem

175 2039 265 2105 dedit
278 2036 382 2100 Iudeis
398 2037 429 2100 in
444 2057 543 2119 regno
559 2057 617 2100 suo
633 2035 908 2098 commorantibus.

252 2149 378 2225 ,(1)·Ut
390 2147 494 2212 nulius
515 2149 630 2213 ludens
653 2145 803 2230 deinceps
820 2155 982 2230 presumat
1003 2147 1207 2210 christianum

174 2260 369 2341 mancipium
394 2258 621 2341 cuiuscumque
645 2257 752 2340 lingue
778 2258 830 2320 uel
855 2257 994 2320 nacionis
1019 2277 1127 2320 emere
1155 2265 1208 2321 aut

175 2371 336 2444 uendere,
358 2377 412 2432 aut
425 2371 459 2435 in
472 2370 608 2432 seruicio
622 2388 681 2432 suo
695 2369 843 2432 retinere.
872 2375 904 2430 et
918 2368 944 2430 si
959 2367 1029 2450 quis
1045 2368 1208 2430 decretum

175 2480 437 2563 transgrediatur,
468 2481 639 2564 dampnum
667 2477 827 2541 christiani
856 2479 1003 2561 mancipii
1032 2486 1207 2560 aputeum

175 2591 299 2654 inuenti
315 2591 467 2672 paciatur.

261 2703 319 2778 (2)
342 2701 374 2763 Si
389 2701 582 2766 Christianus
603 2701 711 2776 ludeo,
733 2709 787 2765 aut
800 2703 915 2766 ludens
930 2701 1108 2766 Christiano
1130 2702 1208 2765 dua-

173 2837 245 2878 rum
270 2814 324 2876 uel
347 2814 442 2876 trium
467 2831 635 2894 pensarum
660 2814 799 2896 precium
825 2816 1031 2878 accomodare
1053 2814 1207 2888 uoluerit,

174 2932 335 2990 mutuatur
350 2945 369 2988 a
384 2933 545 2994 mutuante
559 2924 775 2988 uadimonium
789 2925 937 3005 recipiat,
958 2931 990 2988 et
1005 2932 1101 2988 testes
1116 2924 1207 2986 Chri-

175 3037 269 3101 stiani
295 3045 327 3100 et
348 3037 438 3100 Indoi
461 3036 493 3100 in
519 3037 732 3100 testimonium
758 3043 998 3110 assumantur,
1019 3042 1054 3098 ut
1075 3035 1102 3098 si
1124 3035 1205 3100 sorte

176 3147 363 3212 alteralteri
378 3149 464 3230 quod
480 3156 678 3210 mutuauerat
692 3149 913 3230 denegauerit‚
941 3147 1122 3211 uadimonio
1138 3155 1207 3211 tan·

175 3267 244 3322 tum
257 3266 291 3321 et
304 3259 435 3321 testibus
452 3257 615 3340 utriusque
630 3259 862 3340 comprobetur.

262 3369 324 3445 (3)
347 3367 380 3430 Si
394 3377 500 3433 autem
519 3368 601 3432 ultra
617 3376 682 3430 tres
704 3389 818 3450 pensas
840 3369 1021 3432 alteralteri
1039 3368 1205 3452 quicquam

176 3481 450 3555 accomodauerit,
471 3479 686 3543 uadimonium
702 3489 734 3543 et
748 3488 842 3544 testes
857 3489 890 3544 nt
905 3481 1081 3563 predictum
1095 3490 1144 3546 est
1157 3499 1207 3544 as·

176 3599 320 3666 sumant,
335 3601 366 3654 et
377 3591 583 3674 quantitatem
598 3591 748 3672 peccunia
763 3599 794 3654 et
808 3590 937 3654 nomina
951 3591 1077 3654 testium
1091 3592 1124 3654 in
1139 3611 1207 3654 car-

176 3699 274 3764 tulam
288 3701 444 3774 scribere,
466 3721 503 3764 ac
518 3700 620 3783 sigillo
636 3700 818 3784 utriusque,
830 3702 1024 3788 ,mutuatoris
1038 3701 1155 3766 scilicet
1176 3709 1208 3766 et

177 3812 348 3876 mutuantis
370 3811 509 3896 sigillare
532 3813 664 3887 saciant,
685 3820 720 3876 ut
740 3813 913 3894 siquando
935 3812 1124 3878 alteralteri
1142 3815 1205 3880 uim

175 3923 295 3987 inferre
318 3923 469 3997 uoluerit,
490 3923 608 4006 scripto
630 3941 667 3988 ac
688 3921 788 4004 sigillo
803 3925 968 4006 utriusque
990 3924 1106 3988 ueritas
1121 3944 1207 3988 com·

176 4033 339 4116 probetur.

260 4143 318 4220 (t)
340 4143 509 4207 sinaeus
531 4164 549 4208 a
571 4142 747 4208 Christiano
773 4151 827 4210 aut
847 4146 1041 4212 Christianus
1066 4167 1086 4210 a
1106 4145 1205 4209 ludeo

176 4253 296 4341 aliquid
310 4275 417 4322 emere
431 4256 581 4334 notuerit,
603 4275 709 4326 coram
730 4255 854 4326 idoneis
873 4258 1006 4324 testibus
1024 4256 1207 4323 Christianis
