2920 4758
184 417 342 478 srrrmm
356 417 511 478 arremari
532 418 735 473 consummo
757 419 1003 482 commissum.
1027 404 1117 474 1169.
1157 403 1219 478 883

183 577 362 660 pertinere,
383 584 472 643 tanto
487 585 655 645 teneantur
669 577 803 660 prouida
824 578 1033 644 sollicitudine
1050 587 1083 644 et
1096 579 1220 644 cautela

167 691 372 764 ,intendem
393 697 510 773 quanto
532 710 591 772 pro
611 690 735 756 honore
757 709 777 754 a
799 691 1139 774 diuinadisposicione
1154 693 1220 756 col-

182 802 249 869 lato
264 802 381 867 debent
395 821 454 867 suo
469 801 604 868 creatori
622 803 803 867 uberiorem
816 802 1024 869 decurionem
1039 825 1096 886 pre
1106 805 1218 868 ceteris

184 915 346 979 exhibere.
378 934 416 978 ea
431 922 559 996 proptor
573 915 701 998 propria
719 917 848 982 racione
863 915 983 980 inducti
1003 925 1034 982 et
1048 917 1219 980 saluberri-

184 1025 247 1090 mis
261 1025 539 1091 exhortacionibus
553 1027 595 1092 Μ.
606 1025 795 1090 uenerabilis
817 1035 923 1091 sancto
938 1047 1068 1092 romane
1084 1027 1217 1092 ecclesie

183 1134 352 1210 cardinalis
360 1129 554 1217 propensius
571 1137 788 1218 aurariasque
803 1138 993 1212 commoniti,
1009 1138 1216 1211 decorionem

183 1266 314 1330 quoque
341 1247 524 1323 uenerande
553 1247 704 1310 memorie
739 1247 822 1329 regis
847 1248 949 1330 (loyce
980 1249 1076 1330 patris
1103 1249 1217 1324 nostri,

181 1377 279 1440 quam
300 1356 387 1424 circa
405 1366 637 1422 sacrosanctam
652 1359 825 1422 Romanam
847 1359 1012 1422 ecclesiam
1028 1367 1060 1424 et
1074 1367 1216 1424 sanctum

180 1477 326 1535 nostrum
342 1470 503 1533 dominum
518 1470 730 1535 Alexandrum
745 1470 927 1552 pontificem
946 1471 1064 1536 studuit
1078 1492 1136 1554 per
1149 1492 1216 1534 om-

181 1582 237 1644 nia
252 1581 420 1655 exhibere,
442 1582 544 1644 modis
560 1582 705 1646 carnibus
719 1583 837 1666 quibus
849 1603 1015 1664 possumus
1029 1583 1144 1650 imitari
1158 1603 1215 1646 uo-

179 1693 295 1768 lentes,

266 1806 325 1880 (l)
346 1803 611 1871 constitucionem
630 1825 726 1886 super
748 1805 951 1888 deposicione
974 1811 1005 1867 et
1026 1812 1215 1870 transmuta-

181 1917 274 1980 cinne
296 1917 534 1998 episcopor-um,
556 1917 642 1998 qnod
657 1915 692 1978 in
706 1917 771 1980 suis
785 1917 920 1998 posteris
935 1917 1064 1980 domino
1078 1917 1213 1982 Alexan·

179 2029 239 2095 dm
253 2047 335 2110 papo
356 2036 388 2092 et
403 2029 473 2092 suis
491 2028 730 2094 successoribus
742 2027 880 2098 noscitur
895 2027 1105 2103 concessisse,
1126 2029 1215 2092 rdde-

176 2139 269 2206 licet:
292 2139 378 2222 quod
391 2141 519 2223 absque
540 2141 725 2204 auctoritate
745 2148 777 2202 et
799 2139 931 2212 consilio
954 2141 1022 2202 eius
1041 2147 1073 2202 et
1087 2159 1214 2204 succes·

176 2271 291 2319 sorum·
306 2271 436 2318 suorum
452 2251 687 2334 deposicionem
707 2271 765 2314 seu
786 2249 1028 2315 translacionem
1049 2251 1214 2332 episcopo·

176 2385 250 2426 rum
265 2383 330 2427 non
344 2363 461 2426 iaceret
476 2362 528 2426 uel
541 2361 611 2427 fieri
625 2361 830 2444 permitteret,
852 2361 1082 2437 confirmamus,
1105 2371 1136 2425 et
1149 2371 1212 2427 tom

176 2475 210 2538 in
230 2475 323 2542 nobis
338 2495 433 2558 quam
453 2474 486 2536 in
507 2474 641 2557 posteris
664 2481 817 2557 perpetuo
838 2471 1061 2538 inuiolabiliter
1083 2473 1213 2549 duratu-
1272 2475 1276 2483 '

176 2605 439 2654 succensemus.

112 2669 118 2698 '
261 2700 313 2780 (2)
336 2701 735 2764 Pretereaantecessorum
753 2706 933 2763 nostrorum
949 2700 1211 2764 consuetudinem

173 2819 262 2877 retro
276 2810 471 2894 temporibus
485 2811 624 2874 habitam
642 2809 874 2892 relinquentes,
895 2811 926 2872 in
942 2811 1033 2872 nobis
1048 2819 1079 2872 et
1092 2811 1207 2874 nostris

176 2923 312 3006 posteris
330 2920 483 2986 immobili
504 2899 651 2984 firmitate
669 2920 837 2984 unlitcrum
858 2919 1031 2994 sancimus,
1052 2921 1137 3001 quod
1153 2921 1208 2982 de·

177 3035 362 3108 cedentibus
386 3033 561 3116 episcopis,
581 3033 615 3099 in
628 3030 970 3114 rebus-episcopalibus
985 3038 1207 3114 procuratores

174 3147 274 3210 laicos
298 3147 337 3210 da
360 3153 465 3210 cetero
487 3163 551 3209 non
572 3161 725 3226 ponemus
746 3151 841 3226 atque
855 3142 929 3224 poni
944 3141 1121 3206 nullatenus
1136 3161 1208 3223 per-

175 3259 352 3331 mittemus,
371 3257 429 3320 sed
450 3257 602 3318 honestos
621 3255 769 3328 clericos,
792 3255 921 3336 quinon
937 3254 976 3314 ad
996 3251 1208 3334 uoluptatem,

174 3369 234 3438 sed
256 3369 296 3434 ad
316 3366 538 3434 necessitatem
558 3367 658 3429 uictus
678 3367 719 3428 de
739 3365 879 3446 ipsarum
894 3364 1097 3428 ecclesiarum
1113 3365 1207 3428 rebus

174 3478 518 3560 moderateaccipiant,
539 3477 655 3540 ibidem
669 3477 877 3550 instituemus,
899 3475 953 3559 qui
967 3477 1089 3560 reliqua
1103 3477 1208 3539 omnia

175 3588 338 3652 bonafide
353 3597 385 3652 et
397 3590 464 3652 siue
479 3589 590 3658 fraude
605 3587 711 3670 aliqua
724 3589 764 3650 ad
778 3587 1053 3652 reedilicacionem
1068 3588 1207 3668 ipsarum

172 3699 384 3765 *ecclesiarum
405 3707 438 3762 et
456 3700 622 3764 domorum
641 3698 867 3781 episcopalium
888 3718 945 3760 seu
966 3698 1207 3772 canonicorum,

176 3811 220 3872 ad
235 3831 312 3876 usus
326 3831 454 3892 qnoque
470 3831 656 3892 pauperum,
676 3809 843 3878 maumam
858 3816 889 3874 et
903 3809 1117 3891 orphanorum
1130 3809 1209 3884 fide·
1291 3834 1293 3840 ’

172 3921 249 3992 liter
262 3923 588 3993 debeantassernare.
1244 3915 1246 3919 ’

260 4030 307 4116 (3)
328 4033 484 4103 anuero
497 4041 531 4098 et
542 4032 662 4116 posteri
675 4032 775 4097 nostri
796 4031 875 4096 nihil
890 4052 1028 4116 unquam
1043 4033 1082 4096 de
1095 4031 1208 4096 iisdem

174 4145 272 4213 rebus
286 4143 320 4207 ln
335 4163 412 4212 usus
426 4144 570 4227 proprios
584 4143 715 4210 ulterius
729 4144 919 4226 redigemus,
941 4143 1001 4207 nisi
1015 4143 1108 4217 forte,
1123 4140 1208 4221 qnod

177 4257 269 4336 absit,
281 4257 391 4323 hostes
411 4255 501 4342 regni
518 4256 551 4318 in
568 4275 664 4320 manu
681 4255 788 4321 ualida
800 4255 880 4320 fines
894 4255 993 4340 ipsius
1008 4252 1098 4338 regni
1111 4251 1208 4320 intra⁸
