2904 4754
487 1143 602 1254 usn
626 1143 682 1230 u.
707 1142 829 1230 arus
927 1165 932 1175 ·

107 1323 111 1328 ’
139 1309 432 1413 hunuanus
455 1336 731 1440 noserruu
755 1338 825 1412 nn
850 1331 1102 1420 orsrmuz.

314 1496 319 1510 “
355 1489 383 1510 ”
587 1491 733 1554 MCCLV.
756 1499 762 1508 '
828 1489 833 1498 “
1015 1485 1016 1488 ’

471 1651 493 1701 Ε
517 1649 644 1705 tabulario
661 1649 847 1717 strigoniensi.
923 1725 925 1730 Ι

158 1943 163 1948 -
224 1908 301 1972 Bela
323 1910 376 1973 dei
399 1909 505 1994 gracia
525 1909 678 1991 ngarie,
694 1909 875 1984 'Dalmacie,
898 1909 1044 1985 Croacie,
1064 1911 1173 1985 neme,

130 2005 271 2096 Se'rnie,
292 2022 447 2096 Gallicles
465 2021 669 2095 Louomerie
692 2018 907 2104 Cumameque
928 2043 1001 2096 rex,
1027 2021 1173 2086 omuibus

132 2134 257 2198 Christi
271 2130 496 2212 fidelihuslam'
510 2133 728 2214 presentibus,-
748 2151 842 2214 quam
857 2133 983 2204 futuris,
1010 2139 1172 2213 presentes

128 2236 259 2308 litteras
273 2245 470 2326 inspecturis,
492 2244 825 2308 salutem-inomnitun
838 2243 1007 2307 saluatore.
1038 2243 1171 2306 eircum-

133 2357 265 2436 speclio
286 2375 395 2438 regum
420 2356 552 2438 prouida
574 2355 656 2418 solet
674 2373 751 2420 suos
771 2354 952 2419 libertatum
970 2354 1066 2418 titulis
1081 2354 1174 2418 ador-

135 2485 234 2540 nare,
251 2473 285 2528 ut
299 2467 410 2544 merito
425 2467 524 2548 possit
537 2485 688 2534 uumerus
704 2462 763 2530 sibi
776 2464 1001 2530 famulaucium
1022 2481 1174 2548 augmen-

136 2577 221 2650 tari,
260 2596 330 2638 cum
354 2597 394 2640 ex
418 2577 480 2642 hoc
503 2577 606 2640 honor
631 2575 822 2640 excellencie
847 2577 934 2659 regie
959 2584 1175 2642 consereretur.

137 2689 281 2771 proinde·
293 2690 334 2752 ad
348 2689 569 2754 uniuersorum
583 2689 730 2753 noticiam
743 2697 856 2750 tenore
869 2689 1069 2770 presencium
1084 2689 1176 2752 uolu-

141 2821 216 2862 mus
236 2800 422 2882 peruenire,
443 2801 529 2882 quod
549 2819 607 2863 nos
629 2799 803 2882 hospitibus
818 2801 934 2862 nostris
949 2803 988 2862 de
1003 2799 1176 2864 n'ouauilla

141 2910 289 2976 Bistrieia
315 2931 412 2994 prope
430 2910 593 2992 ‘Lypzhew
617 2891 698 2972 lianc
716 2911 760 2976 ad
782 2929 891 2973 eorum
911 2911 1176 2992 supplicacionern

142 3023 359 3088 concessimus
373 3022 566 3086 libertatem:
620 3053 625 3078 :

230 3137 286 3210 (1)
307 3142 341 3196 ut
355 3134 525 3216 plebanum
547 3135 586 3196 de
605 3133 764 3197 communi
785 3133 902 3216 eligant
923 3133 1099 3207 uoluntate,
1122 3133 1177 3216 qui

113 3317 127 3332 Ι,
143 3258 203 3334 ρει
225 3246 310 3328 ipsos
329 3244 601 3326 uenerabilipalri
616 3245 823 3338 strigoniensi
845 3244 1084 3327 archiepiscopo
1105 3265 1176 3326 pre-

142 3358 328 3432 sentabitur,
349 3359 381 3418 in
397 3377 506 3420 eorum
522 3357 686 3420 ecelesiam
700 3365 854 3439 perpetuo
865 3357 1114 3420 confirmandus.
1161 3349 1173 3405 '‚

229 3471 287 3544 (2)
318 3470 465 3532 Preterea
490 3467 629 3530 uillicum
652 3468 705 3529 uel
732 3467 869 3532 iudicem
895 3469 934 3532 dc
962 3469 1176 3534 uniuersitatis

144 3580 277 3646 consilio
300 3580 416 3662 eligant
438 3588 469 3642 et
491 3595 663 3653 consensu,
684 3581 895 3662 perspecium
909 3581 1001 3642 unius
1016 3581 1089 3642 anai
1102 3601 1177 3662 per·

145 3711 344 3779 mansurum,
366 3691 419 3774 qui
434 3711 488 3754 eos
503 3691 536 3752 iu
551 3691 695 3754 omnibus
710 3689 775 3754 suis
797 3691 913 3754 caussis
934 3689 1096 3766 iudicabit,
1116 3710 1175 3754 uec

138 3803 175 3864 iu
191 3810 257 3865 loto
272 3821 371 3885 reguo
387 3803 547 3884 Huugarie
561 3809 710 3884 poterunt
729 3815 825 3884 super
839 3802 944 3885 aliqua
959 3821 1054 3866 causa
1068 3824 1175 3868 coram

143 3913 204 3980 alio
220 3915 323 3978 iudice
339 3913 512 3978 conueniri.
834 3907 836 3913 ¹

227 4027 286 4104 (3)
307 4027 386 4090 Item
400 4043 528 4103 aurum,
550 4033 716 4112 argentum
730 4034 762 4091 et
778 4027 883 4091 omnia
898 4026 960 4094 alia
973 4027 1099 4092 metalla
1117 4047 1174 4110 per

142 4145 243 4202 totum
268 4126 447 4202 comitatum
469 4140 509 4202 de
530 4139 659 4215 Zolum,
688 4139 769 4204 infra
790 4147 889 4204 metas
911 4161 985 4204 suas
1008 4140 1174 4222 exquirere

142 4254 305 4332 poterunt,
327 4269 422 4334 quum
446 4250 480 4314 in
504 4249 607 4326 terris,
636 4271 730 4334 quam
753 4251 787 4315 iu
810 4251 1002 4328 nemoribus,
1030 4249 1117 4314 siluis
1142 4258 1175 4315 et

881 4351 921 4412 32
