2904 4754
276 387 427 435 crumnis
440 385 598 434 uosruuu
612 387 702 434 surm
717 385 816 441 uuum
837 387 868 434 ru
881 388 990 444 csrsro.
1017 369 1106 434 1252
1146 367 1207 434 ili

256 543 318 619 (5)
339 540 522 608 souersurii
545 539 662 624 quippe
685 549 716 604 et
736 540 853 610 inimici
866 541 1069 618 Arbeusium,
1090 541 1207 626 morari

169 656 203 716 in
219 654 335 716 caulem
350 652 476 716 ciuitate
492 653 652 726 uolentes,
675 671 737 714 non
753 651 964 738 suspiciantur
979 650 1044 716 ullo
1060 653 1164 724 modo.

255 765 316 842 (6)
338 765 531 828 Mercatores
546 771 651 826 aulem
666 764 823 828 Arbcnses
844 763 876 828 in
892 765 1004 830 eedem
1018 765 1144 828 ciuitate
1158 766 1208 827 la·

169 875 301 942 blanich
313 875 435 942 nullum
452 875 600 938 tribulum
615 874 743 938 soluere
753 883 933 957 reosculor.

256 989 319 1062 (7)
339 988 453 1048 Terras
473 993 577 1048 aulem
592 985 633 1048 ad
646 984 810 1049 lablunich
830 986 1039 1069 pertinentes,
1060 984 1208 1050 uidelicet

171 1120 190 1163 u
213 1097 354 1182 Scwniza
376 1117 476 1180 usquc
499 1097 538 1160 ud
560 1097 711 1170 Scrisam,
731 1095 960 1160 habitatoribus
979 1097 1137 1163 lahlanich
1157 1117 1207 1162 re·

171 1210 344 1294 linquimus
363 1209 494 1292 pacifice
510 1209 731 1292 possidendus,
752 1230 811 1282 nec
825 1208 971 1274 animalia
987 1217 1206 1272 exlcuneorum

99 1317 105 1323 ’
172 1321 242 1384 illus
265 1341 283 1384 a
304 1321 399 1382 modo
420 1320 629 1402 depascantur
652 1320 719 1386 sinc
743 1321 868 1409 illorum
893 1321 1072 1395 uoluntate,
1102 1340 1206 1406 neque

174 1431 320 1497 colantur
333 1433 373 1494 ab
386 1431 547 1494 ¹eulruneis
566 1429 629 1494 ullo
644 1432 749 1494 modo.

259 1543 297 1606 Ul
314 1529 421 1606 'nutem
442 1543 535 1606 liuius
560 1542 773 1606 ordinacionis
794 1543 894 1607 series
917 1543 999 1606 lucie
1022 1543 1111 1615 solun
1132 1562 1213 1608 conr

171 1655 278 1726 sistat,
301 1661 480 1736 presentem
500 1655 646 1737 peginam
665 1663 825 1731 nostrum,
845 1654 1017 1718 munimine
1037 1654 1130 1737 sigilli
1149 1673 1207 1715 uo-

172 1766 230 1830 stri
245 1764 472 1840 concessimus,
494 1786 589 1848 quem
604 1766 733 1830 illnslris
748 1765 892 1828 dominus
914 1785 973 1830 rex
987 1765 1120 1847 ngnrie
1141 1763 1206 1832 suis

171 1876 333 1960 regalibus
348 1876 468 1949 litteris,
488 1876 515 1939 si
530 1878 569 1939 cd
584 1878 687 1958 ipsum
702 1878 908 1958 peruenerinl
917 1923 926 1952 ‚
944 1878 1159 1952 confirmabit,
1180 1879 1206 1942 si

172 1989 234 2052 hec
250 1987 403 2070 premisso
418 1988 551 2070 prouide
567 1987 711 2052 ordinale
726 2009 795 2052 esse
810 1988 870 2050 sibi
885 1989 1121 2071 dignoscenlnr.
1152 1990 1207 2055 du·

170 2110 240 2164 tum
259 2101 293 2162 in
308 2101 425 2165 Brcsun
448 2119 530 2162 anno
551 2097 670 2164 domini
690 2097 856 2162 millesimo
878 2099 1093 2172 ducentesimo
1115 2099 1207 2181 quiu-

171 2213 360 2297 quagesimo
374 2211 485 2294 primo.

555 2453 851 2471 “m

390 2653 595 2739 sinimur
625 2651 723 2736 llllll
749 2581 990 2739 sollium

530 2811 852 2898 LIBERTAS

205 2983 484 3060 HOSPITUM
511 2980 672 3060 ΝΟΜ]
699 2979 877 3064 VlLLAE
903 2981 958 3053 ΙΝ
983 2979 1170 3061 Clusio.

392 3147 394 3154 ·
616 3135 764 3198 uccnu.

431 3277 471 3330 Ex
488 3263 649 3340 autographo
666 3273 788 3326 tabularii
801 3273 952 3326 Crisicnsis.

595 3429 802 3441 ι-ι--α-ι-ῆ

260 3553 322 3614 Nos
337 3550 529 3632 Stephanus,
551 3553 649 3614 banus
672 3550 773 3614 locius
787 3551 976 3624 Sclsuouiae,
997 3550 1208 3634 significamus

177 3663 335 3737 omnibus,
357 3683 497 3744 presens
512 3664 661 3744 scriptum
676 3662 872 3742 inspecturis,
887 3663 971 3744 quod
985 3682 1043 3727 uos
1058 3682 1116 3744 pro
1131 3662 1211 3726 utili—

175 3783 239 3838 tais
261 3793 297 3836 ac
317 3774 441 3836 honoro
461 3774 579 3839 domiui
598 3773 679 3857 regis
694 3772 830 3836 fecimus
850 3792 887 3836 ac
901 3773 1076 3860 loenuimus
1094 3794 1211 3836 nonam

177 3894 210 3950 ei
222 3885 356 3950 liberum
376 3883 485 3964 nillum
500 3885 533 3951 iu
548 3883 657 3957 (lusio,
680 3885 791 3948 dantes
813 3883 987 3968 hospitibus
1008 3884 1041 3947 in
1063 3903 1102 3948 eu
1122 3883 1213 3952 habi-

175 3997 317 4074 tantibus
327 3996 473 4061 eamdem
487 3995 663 4077 libertatem
675 4013 738 4077 qna
749 4001 879 4070 utuntur
887 3993 1028 4078 hospites
1044 3994 1084 4061 de
1096 3993 1213 4067 Grrecz,

177 4115 211 4173 et
230 4107 271 4173 de
288 4125 375 4182 nous
396 4105 473 4174 uilla
486 4105 652 4190 Zugrcbie:
675 4124 693 4167 a
713 4112 869 4186 potestate
889 4113 994 4170 antem
1009 4104 1131 4176 comitis
1146 4103 1213 4169 Cri-

175 4219 289 4285 siensis
304 4217 432 4282 omnino
448 4217 594 4282 duximus
610 4216 740 4281 eosdem
756 4217 950 4294 eximendos,
972 4237 1012 4280 ex
1026 4233 1110 4281 nunc
1125 4214 1211 4280 idem
