2904 4754
245 493 248 498 .
268 441 409 504 riurein
430 443 585 506 nicaena
608 453 749 506 ⁴rrrrcmr
770 451 969 506 commoror.
1003 432 1093 506 itit.
1136 433 1197 505 557

153 614 217 676 tn.
248 609 397 679 Pretcrea
410 613 442 675 in
459 629 558 692 regnu
574 622 604 676 et
620 615 710 678 terris
726 622 832 678 nostro
844 612 983 676 dominio
995 613 1144 678 subiectis
1158 616 1197 678 ab

247 727 392 787 omnibus
414 726 596 788 insolenciis
619 737 650 788 et
669 725 846 788 homicidiis
866 725 1030 798 faciendis,
1051 723 1087 790 a'c
1101 729 1198 790 intor-

247 835 386 899 fectione
397 833 691 898 Christianorum'et
706 837 880 900 eorundem
895 837 1081 917 sanguinem
1096 839 1198 898 edun·

247 947 530 1010 dendo‘retrahant
545 947 671 1028 penitus
682 969 794 1010 monus
808 967 893 1021 suas,
911 948 991 1009 utin
1006 956 1097 1010 nutca
1112 947 1198 1010 nuile

247 1079 388 1140 uuquam
407 1067 549 1140 temporo
571 1057 703 1132 facient,
735 1079 794 1121 nec
815 1060 979 1140 pacientur
1000 1059 1070 1122 {ieri
1090 1059 1199 1124 huius-

250 1171 334 1234 modi
351 1171 547 1252 aliquot'emrs
563 1191 621 1252 per
638 1191 713 1232 suos
728 1169 861 1234 famulos
878 1179 908 1233 ct
921 1171 1090 1234 cubicetur.

157 1281 218 1343 JV.
252 1282 361 1344 Preter
377 1282 436 1343 heo
450 1282 544 1344 iidem
562 1291 781 1361 procuratores
796 1282 1006 1346 Cumanorum
1023 1282 1127 1345 eidem
1143 1283 1199 1348 do·

251 1392 336 1454 mino
357 1392 462 1472 legato
477 1392 636 1454 humiliter
656 1393 892 1472 supplicarunt3
915 1395 999 1475 quod
1015 1395 1082 1474 ipse
1098 1395 1200 1458 dorni-

251 1520 311 1563 nus
324 1505 444 1584 legatus
461 1513 607 1584 procuret
623 1505 768 1566 ordinare
785 1505 984 1586 inquisitores
1000 1503 1122 1586 aliquos
1136 1505 1198 1566 fide

254 1614 376 1695 dignos,
398 1615 451 1696 qui
468 1615 674 1698 persingulas
691 1617 916 1697 generaciones
933 1635 1041 1678 corum
1058 1623 1090 1678 ot
1103 1635 1200 1698 gerre-

196 1771 199 1776 .
251 1725 414 1788 racionem
437 1727 553 1808 gradus
575 1725 632 1788 sibi
654 1727 790 1789 inuicem
814 1729 1003 1809 quacunque
1027 1726 1110 1790 linea
1130 1727 1200 1790 atti·

251 1847 376 1914 ncntcs,
399 1847 430 1901 ct
443 1859 501 1920 per
516 1859 626 1900 omnes
637 1838 724 1900 atius
740 1837 899 1902 subiectos
914 1857 1023 1902 eorum
1039 1837 1200 1919 inquirent

156 1985 159 1994 ·
252 1957 284 2010 et
301 1950 402 2012 sciant
420 1970 516 2032 super
537 1949 699 2032 premissis
722 1949 866 2013 omnibus
888 1959 919 2014 ut
938 1951 1068 2033 singuiis
1084 1951 1200 2013 uerita-

250 2069 332 2134 tem,
354 2081 447 2142 quam
469 2061 599 2122 domino
622 2061 725 2143 iegato
748 2069 780 2124 et
801 2061 893 2122 nobis
913 2061 1033 2123 referre
1056 2069 1201 2144 etexpe-

164 2203 167 2208 ·
250 2191 330 2234 nero
341 2181 521 2245 teneantur,
534 2182 569 2236 ut
582 2173 608 2235 is
623 2173 676 2254 qui
691 2174 723 2234 in
739 2173 844 2254 atiquo
861 2173 1084 2253 premissorum
1099 2180 1201 2234 trans·

251 2303 377 2364 grassor
395 2283 544 2345 inuentus
564 2283 676 2356 fuerit,
705 2303 818 2364 penam
838 2278 1085 2346 ecclesiasticam
1104 2301 1200 2365 quam

158 2419 161 2422 ·
252 2403 391 2457 meretur
410 2395 449 2456 ub
474 2395 589 2457 eodem
615 2394 788 2458 uenerabiii
815 2395 903 2476 patre
926 2404 960 2457 et
977 2395 1111 2458 ecclesio
1131 2395 1200 2476 ipsa

251 2507 398 2588 recipiat,
420 2515 451 2568 et
473 2526 530 2585 per
546 2525 603 2566 nos
618 2505 799 2587 temporalis
822 2505 960 2568 uindicta
975 2505 1113 2568 debitam
1129 2525 1201 2568 cen-

253 2617 313 2679 ciat
327 2616 495 2678 ulcionem.

164 2787 168 2792 .
212 2768 231 2788 ‚,
252 2727 397 2790 Ceterum
425 2727 574 2807 sepedicti
599 2737 817 2808 procuratores
840 2729 968 2792 nomino
991 2730 1201 2792 Cumanorum

252 2815 469 2918 procuratorio
488 2859 544 2918 pru
559 2858 595 2900 se
610 2845 641 2900 ot
662 2859 719 2920 pru
734 2839 854 2900 eisdem
870 2837 1018 2900 Cumanis
1039 2840 1203 2901 renuncia-

252 2958 369 3011 uernnt
385 2955 417 3010 et
431 2949 661 3012 abdicauerunt
673 2949 779 3011 omnia
793 2947 985 3012 monasteria
1000 2955 1032 3010 et
1045 2949 1204 3022 ecciesiae,

254 3067 286 3121 et
306 3061 524 3140 pocrcssiones
550 3059 826 3132 monasteriorum,
854 3057 1060 3120 ecclesiarum
1081 3065 1114 3120 ct
1139 3077 1204 3120 om·

177 3195 180 3202 ⁴
257 3169 343 3232 nium
360 3169 518 3232 *nutritium
538 3179 574 3232 et
592 3178 770 3234 ceterorum
794 3170 1060 3242 Christianorum,
1090 3189 1152 3251 que
1172 3177 1204 3232 et

254 3281 506 3366 quoeshactcnus
528 3281 641 3343 iniuste
664 3289 696 3343 et
716 3281 818 3343 minus
837 3281 943 3344 debite
959 3288 1154 3362 occuparunt
1167 3299 1204 3342 ao

254 3395 355 3465 eciam
378 3401 560 3465 tenuerunt,
589 3401 766 3455 asserentes
789 3393 917 3456 eosdem
939 3393 1095 3456 Cumanos
1117 3401 1149 3456 et
1170 3413 1204 3456 so

218 3535 221 3541 2
255 3523 325 3566 esse
335 3509 462 3585 paratos
474 3503 513 3566 ad
525 3503 709 3566 remittenda
720 3511 752 3564 et
766 3503 960 3566 restituenda
975 3504 1061 3564 iuxta
1074 3502 1203 3566 manda-

254 3618 321 3678 tum
342 3613 485 3684 eiusdem
510 3613 630 3676 domini
650 3613 744 3696 togati
768 3615 871 3676 omnia
893 3623 925 3676 et
947 3613 1071 3696 singula
1092 3632 1204 3695 supra·

256 3727 349 3788 dicta.
497 3733 500 3738 '

255 3950 467 4018 promittimus
482 3955 579 4015 eciam
595 3953 652 4016 sub
664 3947 833 4034 sponsione
846 3950 921 4013 fidoi
938 3959 969 4014 et
983 3949 1105 4032 prestiti
1119 3948 1203 4013 iuru-

162 4065 271 4128 mcuti
286 4083 324 4128 ac
335 4063 587 4150 obtigacionibus
602 4065 799 4146 supradictis,
821 4063 907 4145 quod
922 4061 1124 4144 utpremissa¹
1136 4075 1204 4120 om-

172 4175 226 4238 nia
246 4183 278 4239 et
291 4193 482 4259 quecunque
501 4175 562 4238 otia
583 4195 639 4258 pro
661 4173 867 4255 amptiacionc
885 4171 961 4236 fidei
976 4171 1151 4234 Christiano
1173 4177 1205 4232 ot

172 4286 384 4354 ecclesiastice
409 4285 578 4363 libertatis,
608 4303 645 4348 oc
668 4282 891 4350 sublimociouo
917 4279 1031 4366 rogatis
1057 4280 1142 4358 sotii,
1173 4285 1204 4348 ot
