2904 4754
329 463 416 511 rann
437 463 479 509 rv.
500 461 590 508 naurs
612 461 686 508 runa
706 461 883 508 lurconum.
924 441 1013 506 1251.
1127 438 1188 508 175

135 619 270 685 iudicio
295 619 452 702 puniatur,
478 626 510 681 ct
534 617 639 680 omnia
665 616 732 680 eius
758 615 887 680 mobilia
910 623 943 680 ct
961 613 1133 678 immobilia
1153 614 1187 676 in

138 741 292 798 nostram
307 738 469 795 transeant
485 736 683 811 potestatem.

237 841 308 925 (11(
328 845 406 905 ltem
429 842 455 903 si
470 841 664 904 Christianus
685 840 817 904 iudeum
837 839 1004 914 ceciderit,
1025 840 1068 904 ita
1081 847 1187 902 tamen

142 957 237 1040 qnod
257 955 442 1036 sanguinem
464 954 532 1016 cius
547 959 611 1014 no'n
626 952 773 1015 effuderit
782 997 791 1028 ,
815 950 918 1014 soluet
931 953 1022 1014 nobis
1036 951 1185 1016 iudicium

141 1068 325 1132 secundnm
346 1067 607 1128 consuetudinem
628 1065 717 1146 regni
734 1083 900 1145 percussor
914 1070 1049 1145 quatuor
1063 1083 1186 1128 marcas

142 1180 283 1263 argenti.
312 1179 339 1240 si
362 1178 528 1259 pecuniam
551 1177 672 1239 babere
690 1195 755 1238 non
780 1175 913 1258 poterit,
939 1175 999 1238 alia
1020 1195 1104 1258 pena
1122 1195 1185 1258 quc

142 1292 241 1354 nobis
255 1289 414 1352 uidebitur
427 1289 585 1371 puniatur.

235 1397 300 1485 (12)
321 1402 398 1464 item
413 1401 594 1482 ubicunque
609 1401 724 1463 iudeus
739 1399 912 1462 dominium
927 1405 1068 1462 nostrum
1083 1407 1185 1462 trans-

34 1530 39 1535 ·
143 1515 238 1587 ierit,
258 1511 361 1575 nutius
375 1513 405 1574 ei
419 1511 548 1594 aliquod
569 1511 829 1593 impedimentum
849 1511 1009 1593 prestabit,
1033 1531 1094 1574 nec
1116 1531 1185 1573 mo-

142 1626 273 1691 lestiam
287 1624 438 1706 prestabit
452 1632 505 1687 aut
518 1623 649 1697 inferet,
672 1643 731 1686 nec
745 1643 928 1706 grauamen.
949 1623 1006 1686 sed
1020 1622 1047 1685 si
1062 1622 1183 1706 aliquas

145 1755 274 1799 merces
294 1734 346 1798 uel
367 1733 443 1798 alias
464 1755 516 1796 res
536 1735 677 1807 duxerit,
705 1735 744 1797 dc
767 1735 880 1817 quibus
912 1734 1027 1799 tributa
1049 1735 1185 1798 debeant

144 1847 336 1932 prouenire,
367 1867 425 1929 per
448 1847 552 1908 omnia
578 1847 766 1910 tributorum
795 1847 865 1910 ioca
890 1848 1016 1909 nonnisi
1043 1847 1183 1910 debitum

144 1958 253 2022 soluat
273 1958 440 2032 tributum,
461 1958 548 2040 quod
562 1957 700 2020 solueret
715 1977 795 2020 unus
811 1958 925 2020 ciuium
942 1957 1025 2021 illius
1039 1958 1184 2034 ciuitatis,

145 2091 212 2154 qua
224 2071 339 2133 ludens
354 2089 392 2132 eo
408 2077 551 2152 ternpore
567 2069 792 2132 demorabitur.

232 2178 298 2264 (13)
318 2183 397 2246 Item
411 2181 437 2243 si
451 2181 540 2244 iudei
553 2183 639 2244 iuxta
654 2201 743 2243 suam
766 2182 1025 2244 consuetudinem
1045 2183 1183 2265 aliquem

147 2313 189 2358 err
202 2295 333 2357 mortuis
354 2295 434 2368 suis,
456 2302 509 2356 aut
523 2295 563 2356 de
585 2294 711 2356 ciuitate
733 2293 765 2354 in
788 2293 965 2368 ciuitatem,
986 2301 1040 2357 aut
1054 2295 1094 2358 de
1110 2315 1183 2377 pro-

146 2406 254 2468 uincia
268 2407 309 2468 ad
323 2407 532 2486 prouinciam,
553 2412 608 2468 aut
629 2405 668 2467 de
683 2425 746 2467 una
760 2412 844 2467 terra
864 2405 905 2468 ad
919 2402 1011 2466 aliam
1026 2404 1184 2480 duxerint,

149 2517 228 2579 nibil
242 2517 282 2578 ab
300 2517 345 2579 eis
361 2537 380 2579 a
394 2517 563 2580 tributariis
578 2517 692 2579 nostris
713 2517 860 2579 uolumus
876 2517 1067 2599 extorqueri.
1088 2516 1114 2580 si
1128 2537 1185 2582 au-

150 2637 215 2691 tem
230 2627 414 2690 tributarius
430 2627 540 2710 aliquis
556 2627 731 2702 extorserit,
745 2636 780 2690 ut
795 2627 891 2708 predo
903 2627 1017 2690 mortui
1029 2629 1185 2710 puniatur.

235 2736 303 2820 (ib)
323 2740 402 2801 item
416 2739 441 2800 si
457 2738 568 2820 aliquis
582 2738 744 2802 iactauerit
763 2739 930 2800 temerarie
950 2758 1046 2819 super
1059 2739 1185 2802 schalas

153 2849 341 2924 iudeorum,
363 2849 457 2911 iudici
473 2849 643 2912 iudeorum
657 2867 794 2912 marcam
816 2858 848 2913 et
862 2849 1023 2911 dimidiam
1039 2850 1186 2914 uolumus

153 2969 189 3024 ut
202 2959 374 3043 persoluat.

236 3069 301 3154 (15)
323 3073 401 3136 item
418 3067 449 3135 'si
463 3073 578 3166 iudeus
593 3072 691 3136 iudici
709 3092 766 3136 suo
784 3072 818 3134 in
840 3091 924 3154 pena
937 3072 1094 3156 pecuniali
1113 3093 1187 3135 rens

84 3255 87 3261 ¹
157 3185 304 3247 inuentus
318 3183 424 3259 fieret,
445 3185 570 3250 nonnisi
586 3185 752 3248 duodecim
768 3185 916 3248 denarios
930 3184 1043 3248 soluat.
1082 3227 1085 3232 -

241 3297 322 3371 (16)
342 3297 421 3359 Item
441 3297 467 3358 si
488 3297 603 3360 iudeus
622 3315 680 3379 per
695 3296 840 3360 edictum·
853 3296 902 3360 sui
915 3295 1027 3358 iudicis
1041 3294 1142 3377 primo
1156 3303 1189 3360 et

158 3408 295 3470 secundo
313 3427 378 3470 non
398 3409 537 3482 uenerit,
561 3428 617 3490 pro
632 3415 767 3491 utraque
786 3409 858 3472 uice
873 3409 976 3472 soluat
997 3406 1095 3472 iudici
1109 3427 1188 3491 qua-

159 3528 229 3582 tuor
243 3540 302 3602 pro
315 3519 432 3583 iudicio
446 3527 634 3582 memorato.
657 3519 684 3582 si
698 3522 739 3584 ad
753 3520 886 3584 tercium
902 3519 1039 3584 edictum
1052 3541 1116 3584 non
1133 3541 1188 3586 ue·
1266 3535 1267 3538 ’

158 3630 253 3704 uerit,
275 3630 379 3692 soluat
392 3629 503 3712 uiginti
517 3650 583 3693 sex.

237 3743 314 3816 (17)
335 3743 412 3805 item
428 3741 455 3804 si
472 3743 588 3804 ludens
603 3743 733 3806 ludeum
756 3741 989 3818 uulnerauerit,
1011 3763 1069 3806 suo
1090 3743 1188 3808 indici

160 3872 293 3915 marcam
308 3861 340 3916 et
355 3853 516 3916 dimidiam
530 3853 562 3916 in
576 3873 692 3936 penam
707 3854 833 3918 soluere
847 3875 911 3918 non
929 3863 1064 3918 rccuset.

236 3965 318 4039 (18)
338 3965 606 4029 Itemstatuimus
632 3972 667 4028 ut
690 3965 794 4029 nuilus
817 3966 901 4030 iuret
925 3985 1041 4050 prore
1063 3966 1188 4030 modica

157 4094 250 4158 super
269 4074 383 4138 librum
404 4076 540 4158 Moysis,
568 4078 622 4160 qui
644 4077 758 4159 podaie
779 4075 965 4161 appellatur,
992 4078 1053 4142 nisi
1070 4077 1111 4141 ad
1130 4096 1189 4140 no·

159 4193 250 4250 stram
264 4195 396 4251 uocatus
412 4186 509 4250 fuerit
521 4189 729 4252 maiestatem.

236 4299 316 4376 (19)
342 4299 422 4364 Item
443 4299 470 4363 si
489 4299 586 4366 fuerit
602 4299 720 4364 iudeus
742 4299 825 4366 clam
847 4299 1051 4384 interemptus
1075 4305 1111 4363 ut
1130 4319 1188 4386 per
