2924 4758
295 389 356 462 356
545 407 687 458 ‘errones
709 407 939 457 srareomrrsrs
960 405 1063 454 aaron.

378 569 492 632 eodem
512 567 607 630 modo
628 567 682 649 qui
704 585 775 628 cum
797 562 925 628 alterius
947 580 1061 636 uxore,
1093 560 1146 624 uei
1168 579 1232 643 que
1254 580 1332 624 cum

294 683 405 745 marito
421 679 547 743 alterius
561 687 673 761 peccat
686 678 853 740 iudicetur.

378 793 489 875 siquis
510 789 648 872 puellam
667 789 808 870 rapuerit
829 787 882 853 uei
902 787 1086 862 uiolauerit,
1107 787 1134 850 si
1148 784 1261 850 nobilis
1279 793 1330 849 est

297 905 445 970 canonice
461 902 637 986 penitencie
653 923 725 964 cum
739 901 972 984 composicione
987 900 1160 962 subiaceat
1182 900 1237 980 qui
1249 918 1329 961 uero

295 1017 357 1080 hoc
370 1013 554 1098 persoluere
574 1033 638 1077 non
659 1013 789 1096 poterit,
810 1021 901 1075 tonso
925 1012 1026 1094 capite
1047 1011 1222 1074 secundum
1244 1009 1330 1074 iudi·

298 1128 381 1190 cium
395 1127 478 1210 regis
490 1125 636 1208 Ladisiay
650 1125 860 1187 uenundetur.

379 1237 406 1301 si
420 1238 489 1320 quis
504 1256 651 1320 sponsam
665 1235 804 1319 rapuerit
817 1233 955 1309 alterius,
969 1235 996 1296 si
1009 1233 1064 1296 illa
1079 1251 1143 1296 non
1158 1232 1330 1306 consensit,

296 1351 448 1415 reddatur
467 1349 596 1432 proprio
614 1367 740 1430 sponso.
770 1355 878 1428 raptor
896 1366 974 1409 uero
996 1345 1022 1408 si
1044 1343 1157 1408 nobilis
1179 1355 1228 1410 est
1241 1366 1330 1408 com·

297 1460 492 1546 posicionem
507 1459 691 1524 canonicam
703 1459 807 1533 iaciat,
826 1465 858 1521 et
872 1459 939 1522 sine
955 1479 1010 1540 spe
1026 1459 1164 1540 coniugii
1177 1459 1329 1541 peniteat.

299 1577 325 1638 si
349 1593 414 1638 non
438 1573 553 1654 poterit
578 1571 846 1652 composicionem
874 1571 968 1645 dare,
998 1570 1066 1632 sine
1092 1589 1148 1652 spe
1173 1569 1329 1633 libertatis

298 1686 509 1749 uenundetur.

384 1797 409 1857 si
424 1795 494 1876 quis
505 1813 636 1856 uxorem
652 1792 775 1875 fugiens
787 1814 820 1856 se
833 1799 944 1876 sponte
957 1793 1132 1860 debitorem
1144 1793 1228 1868 iecit,
1242 1793 1329 1856 unde

300 1928 334 1972 se
357 1907 507 1988 expedire
530 1903 608 1968 nolit
628 1915 757 1987 propter
779 1905 886 1968 odium
904 1906 990 1987 quod
1012 1906 1045 1968 in
1063 1925 1195 1970 uxorem
1215 1906 1330 1981 habet,

298 2037 423 2100 semper
433 2017 466 2078 in
476 2017 627 2080 seruitute
638 2025 832 2098 permaneat.
854 2025 885 2081 ct
895 2017 922 2080 si
932 2037 1071 2100 unquam
1081 2015 1163 2080 liber
1174 2018 1331 2094 uideatur,

298 2133 413 2196 iterum
427 2129 636 2193 uenundetur.
657 2149 738 2192 uxor
750 2150 828 2194 uero
845 2131 912 2194 eius
926 2131 976 2191 cui
990 2130 1059 2194 uult
1073 2131 1181 2194 nubat.

384 2243 462 2324 (53)
483 2242 510 2304 si
532 2241 603 2324 quis
626 2242 665 2305 de
689 2243 774 2305 clero
789 2244 959 2306 secundam
979 2263 1112 2306 uxorem
1127 2242 1180 2306 uel
1200 2243 1330 2306 uiduam

300 2356 355 2420 uei
366 2353 563 2436 repudiatam
578 2353 716 2426 duxerit,
737 2354 925 2435 deponatur.

385 2464 467 2540 (5t)
489 2464 604 2543 bigami
626 2464 811 2545 presbiteri,
840 2466 894 2549 qui
919 2467 959 2555 ad
982 2465 1108 2530 ordines
1130 2486 1204 2530 suos
1225 2467 1330 2530 redire

302 2575 478 2648 uoluerint,
500 2594 540 2636 cx
554 2594 710 2638 consensu
723 2596 859 2638 uxorum
874 2597 1002 2640 suarum
1016 2579 1217 2660 recipiantur.

385 2687 460 2762 (55)
482 2683 624 2750 similiter
645 2686 672 2749 si
693 2687 849 2768 presbiter
870 2688 1076 2751 concubinam
1093 2689 1254 2766 babuerit,
1276 2690 1332 2753 de-

304 2805 449 2882 ponatur.

302 2943 305 2949 ,
387 2911 468 2987 (56)
490 2917 524 2974 ut
538 2910 682 2974 canonici
695 2911 837 2994 regulam
852 2914 1034 2976 canonicam
1052 2913 1154 2978 sciaut
1174 2921 1205 2977 et
1218 2912 1333 2979 iutelli-

306 3030 389 3104 gant.

387 3135 468 3210 (57)
489 3133 515 3196 si
540 3134 610 3216 quis
631 3133 817 3196 clericorum
839 3133 914 3198 furti
935 3136 1090 3218 arguitur,
1119 3133 1158 3200 ab
1182 3139 1331 3221 episcopo
1427 3217 1430 3221 .

305 3246 359 3310 uel
379 3244 599 3308 archidiacono
621 3245 787 3310 iudicetur.
816 3249 842 3310 si
863 3268 937 3311 reus
958 3249 1105 3312 inuentus
1124 3251 1220 3314 fuerit
1234 3253 1334 3334 depo·

303 3365 409 3432 natur,
430 3365 463 3420 et
484 3358 567 3419 bona
587 3377 645 3419 sua
666 3359 794 3440 perdat,
815 3361 841 3422 si
861 3381 939 3424 uero
960 3361 1056 3424 nichil
1076 3361 1231 3438 babuerit,
1256 3385 1334 3427 uen-

302 3469 408 3532 datur.

305 3591 308 3598 ’
389 3581 470 3656 (58)
492 3578 656 3642 neoterici
675 3581 845 3646 tabernarii
866 3584 919 3650 uel
942 3583 1138 3648 feneratores
1161 3585 1232 3648 sint.
1266 3587 1335 3668 qui·

308 3710 432 3774 cunque
447 3691 479 3754 in
493 3692 668 3754 tabernaria
683 3693 777 3758 domo
791 3695 922 3772 biberit,
947 3697 974 3758 si
988 3697 1119 3760 clericus
1135 3704 1182 3760 est
1195 3699 1336 3783 depona-

307 3810 368 3876 tur,
394 3803 419 3862 si
433 3801 531 3865 laicus
545 3803 578 3864 iu
592 3804 771 3866 testimonio
789 3825 853 3867 non
867 3807 1045 3889 recipiatur.
1079 3819 1081 3822 ’

390 3913 472 3989 (59)
495 3922 531 3976 ut
555 3913 659 3976 clerici
682 3923 779 3978 testes
804 3937 869 3979 non
896 3916 976 3993 sint,
1006 3933 1067 3982 nec
1091 3920 1124 3982 in
1147 3927 1336 3984 testamento

307 4025 479 4102 morientis,
502 4026 555 4089 uel
569 4045 626 4110 pro
641 4035 847 4105 sacramento,
878 4027 931 4093 uei
944 4051 1003 4114 pro
1017 4029 1143 4094 iudicio.
1159 4031 1161 4034 ’

306 4169 309 4178 v
392 4139 474 4215 (60)
494 4139 582 4201 iudei
604 4159 714 4203 seruos
735 4141 789 4204 uel
811 4141 938 4206 ancilias
956 4164 1060 4226 neque
1077 4115 1218 4228 proprios
1231 4163 1337 4229 neque

307 4251 455 4332 uenales,
474 4271 578 4338 neque
599 4253 811 4320 mercenarios
832 4254 1026 4323 Christianos
1044 4251 1162 4324 babere
1186 4245 1336 4325 audeant·
