3048 4760
263 375 327 440 tm
458 389 589 444 ersus
609 389 657 444 nr.
675 387 965 442 ssomnssrsrms.
1007 369 1099 437 lfflt.

347 539 415 624 (w)
437 543 586 606 Preterea
609 541 637 606 si
659 539 756 624 aliqui
779 557 821 604 ex
841 539 918 622 ipsis
939 538 1108 626 mgnicolis
1127 539 1243 604 nostris
1263 541 1296 606 ui

265 653 318 716 nel
332 661 418 716 metu
431 651 651 734 possessiones
670 671 744 714 suas
757 651 988 724 uendiderunt,
1008 657 1143 714 autnon
1155 651 1298 716 uenden-

265 772 315 828 tes
335 764 543 828 instrumenta
561 762 759 828 uendicionis
780 771 890 826 conua
911 781 947 825 se
970 763 1209 846 prepotentibus
1222 783 1300 824 eon-

265 873 318 938 sei
339 874 440 936 coacti
462 871 625 947 lecerunt,
646 873 673 936 si
686 871 867 936 huiusmodi
883 872 1040 936 uiolentia
1054 871 1123 936 siue
1138 881 1241 938 metus
1253 873 1310 938 le·'

268 986 375 1070 ptime
389 993 422 1048 et
433 983 668 1048 racionabiliter
679 983 867 1058 eonstiterit,
882 983 1092 1048 instrumenta
1105 983 1210 1048 taliter
1223 1005 1301 1048 eon·

227 1147 229 1152 -
269 1097 354 1162 tecta
366 1096 430 1160 sint
443 1096 563 1160 uiribus
577 1103 727 1170 uacuata,
747 1103 780 1158 et
793 1095 918 1177 penitus
931 1095 989 1158 red
1003 1139 1013 1158 .
1027 1139 1037 1157 .
1052 1139 1061 1158 .
1075 1139 1085 1158 .

351 1209 429 1284 (30)
450 1208 529 1270 ltem
544 1206 576 1269 in
592 1206 810 1288 possessiones
825 1203 976 1268 nobilium
987 1225 1045 1268 seu
1056 1205 1214 1270 &sonum
1227 1227 1303 1290 pre·

270 1317 425 1393 dictorum
445 1337 510 1381 non
532 1317 632 1400 possit
652 1316 784 1390 introire
806 1323 975 1390 extraneus
994 1316 1122 1384 racione
1136 1317 1229 1393 dotis,
1249 1325 1303 1381 sut

270 1432 396 1506 racione
411 1438 523 1514 quarte
544 1429 669 1500 liliabus
686 1427 808 1504 debite.
838 1428 894 1500 sed
908 1427 1045 1494 heredes
1059 1429 1303 1508 desedencium,

270 1539 323 1606 uel
338 1541 543 1625 proximiores
560 1541 601 1604 de
623 1539 834 1623 generatione
855 1559 928 1614 sua,
949 1539 1107 1602 redimant
1120 1559 1174 1602 eas
1187 1559 1303 1602 secun-

205 1651 211 1662 '
272 1655 346 1718 dum
360 1641 604 1716 extimationem
617 1652 730 1714 iustam
738 1695 748 1725 ,
768 1651 859 1734 regni
872 1650 972 1724 nostri
985 1658 1180 1726 consuetam.

354 1765 433 1840 (31)
452 1763 531 1826 ltem
556 1782 664 1824 comes
689 1761 878 1844 paroehialis
893 1805 902 1822 .
916 1805 926 1824 .
942 1803 977 1824 ..
999 1761 1089 1844 regni
1113 1761 1230 1837 nostri,
1261 1763 1304 1826 ad
1341 1845 1344 1850 .

271 1873 433 1958 predictos
443 1873 583 1936 Saxones
595 1872 830 1956 Transyluanos
844 1891 908 1936 non
922 1871 985 1934 nisi
997 1871 1031 1934 in
1044 1870 1142 1936 tribus
1156 1871 1306 1948 articulis,

272 1983 437 2048 uidelicet:
457 1984 543 2048 lurtu
558 1983 611 2048 uel
624 1982 787 2049 lmoeinio
802 1984 886 2046 tanto
901 1981 1095 2058 decimarum
1110 1989 1142 2058 et
1162 1992 1305 2047 moneta-

272 2111 362 2168 rum,
376 2093 492 2156 debeat
504 2091 656 2156 iudicare.
677 2092 753 2170 item
767 2092 794 2154 si
806 2092 919 2176 aliquis
934 2091 1075 2174 ipsorum
1088 2113 1147 2176 per
1157 2094 1305 2164 comitem

273 2200 486 2286 parochialem
507 2223 542 2266 se
564 2202 700 2266 senserit
713 2211 935 2286 aggrauatum,
955 2203 1056 2285 ipsam
1070 2223 1198 2268 causam
1210 2226 1306 2270 reue

272 2321 341 2386 cet,
361 2319 393 2378 et
405 2313 538 2376 redueat
551 2312 652 2376 nostri
665 2313 774 2378 iudicii
788 2313 829 2377 ad
842 2346 1160 2366 ------

355 2425 433 2500 (32)
455 2467 608 2488 .......
623 2445 695 2488 cum
710 2433 835 2488 centum
849 2425 1041 2502 bominibus,
1053 2427 1136 2492 inira
1146 2429 1198 2492 uel
1209 2450 1306 2513 supra

271 2533 461 2609 iurauerint,
481 2534 607 2598 nonnisi
622 2535 830 2620 quadraginta
850 2537 999 2600 denarios
1018 2539 1220 2621 purgacionis
1240 2539 1305 2604 sol·
1444 2617 1446 2622 ι

272 2663 350 2708 uere
366 2652 542 2710 teneantur.
637 2675 639 2680 .

355 2757 436 2832 (33)
456 2757 535 2820 ltem
549 2756 577 2820 si
591 2757 660 2841 quis
674 2755 827 2820 nobilium
849 2759 901 2822 uel
915 2759 1077 2822 Saxonum
1099 2761 1303 2843 prelatorum,

272 2868 490 2952 possessiones
504 2889 577 2933 suas
590 2889 649 2952 pro
664 2867 729 2932 suis
745 2870 925 2934 excessibus
940 2880 972 2936 et
986 2870 1147 2936 maleficiis
1162 2873 1305 2938 amittere

275 2979 391 3046 debeat
410 2979 463 3044 uel
478 2981 655 3064 contingat,
676 2982 802 3064 cognati
816 2983 875 3064 ipsi
889 2983 1058 3066 propinqui
1071 2983 1306 3068 possessionem

273 3093 374 3177 ipsam
389 3092 564 3156 redimendi
579 3091 717 3158 habeant
729 3094 928 3168 facultatem,
949 3113 990 3158 ne
1007 3095 1040 3158 in
1056 3095 1305 3177 possessionibus

273 3203 411 3289 propriis
426 3212 457 3268 et
471 3203 562 3268 auitis
576 3213 761 3268 extraneum
775 3203 903 3268 doleant
919 3225 1144 3286 possessorem.

357 3315 438 3394 (db)
457 3315 536 3378 Item
556 3313 713 3388 uolumus,
734 3317 819 3398 quod
840 3317 982 3382 Uaiuode
995 3319 1228 3400 Transyluanus
1248 3339 1307 3382 no-

276 3427 357 3490 biles
371 3426 440 3490 siue
456 3423 597 3488 Saxones
612 3434 803 3488 memoratos
821 3429 919 3510 partis
934 3429 1178 3513 Trnnsyluanie,
1199 3439 1231 3494 et
1250 3429 1308 3494 ba-

276 3555 337 3600 nus
356 3535 458 3600 tocius
472 3533 639 3597 Sclauonie
662 3555 758 3618 snper
777 3537 901 3602 nobiles
920 3541 1017 3623 partis
1036 3541 1184 3604 Drauane
1205 3540 1308 3604 nulla-

277 3654 370 3712 tenus
384 3646 580 3710 descendere
594 3647 730 3730 possint,
751 3669 811 3714 nec
824 3647 911 3732 ipsos
926 3649 959 3712 in
973 3649 1079 3734 aliquo
1093 3651 1233 3719 indebite
1253 3672 1309 3734 ap-¹

194 3808 199 3819 .
278 3777 422 3840 grauate.

359 3867 397 3932 Ut
410 3867 507 3952 igitur
519 3869 580 3932 bec
594 3877 702 3936 nostra
716 3848 891 3971 ordinacio,
903 3872 968 3936 imo
983 3875 1092 3960 pocius
1106 3895 1127 3938 a
1139 3874 1310 3958 predeces-

278 3977 400 4044 soribus
413 3979 528 4044 nestris
541 3981 668 4066 regibus
682 3983 854 4048 illustribus
865 3985 1026 4070 Hungarie
1040 3987 1185 4070 primitus
1200 3988 1311 4052 obser·

279 4097 369 4167 nata,
389 4091 487 4158 robur
501 4091 640 4160 obtineat
652 4103 804 4178 perpetue
817 4095 985 4178 firmitatis,
1002 4107 1311 4186 presentesconees-¹

281 4205 379 4283 riuus
398 4205 522 4289 literas,
552 4205 686 4302 duplicis
708 4209 801 4306 sigilli
821 4211 922 4284 sosoi
939 4211 1114 4294 munimine
1136 4213 1313 4294 robustas,
