2904 4754
237 444 325 504 esne
340 443 382 491 rr.
395 441 486 492 neers
499 445 604 492 renus
618 443 743 492 nereum
757 445 789 490 rr
802 443 940 490 mortuo.
972 425 1061 495 1255.
1102 423 1161 492 iti

127 601 209 664 buto
224 617 288 682 qno
304 597 444 680 hospites
465 597 564 662 nostri
578 597 618 660 de
633 597 936 678 Schelmicz-heoya
957 595 1162 679 gratulantur,

129 729 194 772 nee
212 709 293 770 uitro
313 707 347 770 id
366 728 424 790 per
438 713 537 770 totum
557 727 690 790 regnum
711 715 854 771 nostrum
872 707 949 789 ipsis
969 705 1074 788 alique
1095 726 1163 768 mo·

130 819 226 898 iestis
239 818 404 884 inferatur.

216 931 298 1006 (13)
319 932 483 1005 Preterea,
504 939 538 994 ut
551 931 650 994 muita
663 930 803 996 breuiter
813 931 1051 1003 concludentur,
1071 949 1163 1010 sepe·

131 1043 225 1108 dictis
239 1043 414 1126 hospitibus
429 1045 545 1108 nostris
560 1043 751 1108 conferimus
766 1052 880 1108 terrem
894 1043 1054 1117 arabilem,
1067 1042 1162 1107 siluas
1195 1082 1197 1088 ·

131 1161 165 1218 et
179 1154 322 1236 pretend
338 1173 411 1216 usus
433 1155 574 1236 ipsorum
596 1155 792 1230 necessario,
814 1155 846 1218 in
862 1154 974 1236 quibus
988 1153 1091 1216 nuilus
1106 1171 1161 1214 eos

131 1265 249 1328 audeat
263 1261 440 1328 molestare.

216 1375 254 1440 Ut
267 1375 362 1458 igitur
375 1377 435 1438 hec
449 1377 602 1458 premisse
623 1379 721 1440 robur
733 1383 888 1460 perpetue
909 1373 1064 1438 firmitatis
1082 1373 1162 1436 obti-

130 1493 246 1561 neant,
268 1504 328 1550 neo
349 1487 470 1570 possint
484 1507 636 1570 processu
651 1497 832 1572 temporum
853 1487 886 1550 in
904 1486 1026 1549 irritum
1041 1486 1161 1568 aliquo-

130 1608 226 1662 tenus
244 1599 423 1673 retraetari,
450 1607 615 1681 presentes
639 1599 757 1665 litteras
780 1599 924 1662 dedimus
945 1596 1101 1680 dupplieis
1118 1595 1161 1660 si·

131 1709 198 1794 gilli
212 1710 311 1772 nostri
324 1709 497 1774 munimine
512 1711 685 1775 roboratos·

214 1821 326 1884 Datum
340 1840 518 1903 permanes
532 1821 637 1886 diieoti
652 1832 683 1888 ot
696 1801 799 1888 fidelis
813 1822 911 1890 nostri
922 1821 1062 1905 magistri
1073 1819 1160 1885 Sme-

129 1933 243 2016 regdy,
277 1932 421 1995 Alliensis
452 1936 623 2017 prepositi,
655 1935 725 2000 aule
755 1945 862 2000 nostre
900 1929 1160 1998 uieecaneellerii.

129 2043 223 2122 Anno
234 2044 353 2108 domini
363 2043 528 2108 millesimo
539 2047 752 2112 ducentesimo
768 2045 1030 2129 quinquagesimo
1041 2043 1160 2124 quinto,

129 2155 220 2237 regni
235 2163 339 2216 eutem
354 2155 450 2218 nostri
465 2177 548 2219 anno
564 2158 726 2240 nigesimo.
950 2161 953 2166 ’

472 2571 587 2656 ΒΜ
608 2571 665 2660 IV.
689 2573 811 2660 neon

257 2729 445 2808 FORMA
469 2733 690 2808 TRIBUTI
715 2735 771 2810 ΙΝ
797 2735 1027 2837 inuento,

298 2887 300 2890 ’
566 2870 713 2940 MCCLV.

398 3013 420 3064 Ε
436 3012 562 3070 tributario
579 3013 650 3066 urbis
665 3013 881 3068 vindobonensis.

537 3167 735 3182 m

206 3287 281 3350 Belo
300 3287 351 3350 dei
371 3287 479 3371 gracie
497 3307 555 3351 rex
568 3287 702 3372 Ungerie
723 3286 868 3354 fidelibus
888 3292 952 3356 suis
968 3283 1072 3364 comiti
1085 3295 1155 3358 Ieu-

122 3395 223 3462 riensi
239 3405 269 3462 et
281 3398 454 3462 tributariis
470 3399 509 3462 de
522 3399 658 3474 Ieurino,
680 3401 719 3464 de
734 3401 842 3466 Abede
857 3411 888 3467 et
902 3405 941 3467 de
955 3405 979 3468 1²
981 3405 1084 3489 izegtu
1104 3425 1155 3470 se·

122 3508 223 3572 intem
236 3515 269 3572 et
283 3509 431 3592 greciam.

206 3620 339 3684 Litteras
353 3621 544 3685 uenerabilis
558 3624 655 3706 patris
670 3623 708 3688 0.
723 3626 863 3709 episeopi
875 3627 1043 3692 laoniensis
1058 3647 1153 3712 super

122 3731 226 3794 iorme
246 3731 473 3814 exigendornm
495 3735 684 3800 tributorum
705 3735 901 3814 minutiae,
921 3740 1031 3828 Abeda
1050 3747 1082 3804 et
1102 3741 1153 3804 Fi-

121 3852 230 3924 zegtu‚
250 3863 338 3907 more
359 3843 528 3927 antiquitus
543 3847 709 3910 obseruate
729 3851 907 3932 recepimus
927 3850 961 3912 in
979 3852 1064 3916 huno
1085 3873 1153 3916 mo-

122 3956 214 4018 dum:
249 3959 252 3964 '

204 4068 264 4142 (1)
287 4072 321 4132 nt
334 4067 483 4134 uidelicet
497 4069 536 4133 de
552 4069 691 4154 quolibet
704 4089 797 4136 curru
811 4071 992 4138 theotonice
1004 4075 1152 4140 ueniente

120 4175 155 4240 in
169 4175 361 4262 Huugeriem
375 4179 530 4248 tributarii
545 4181 661 4248 debent
674 4181 792 4248 habere
807 4193 942 4274 quatuor
957 4186 1103 4259 denarios
1118 4195 1150 4260 et
1223 4261 1225 4269 Α

122 4309 231 4360 eomes
247 4291 338 4362 dnos.
