2978 4754
549 429 732 482 nnosssnmr
756 429 796 480 os
816 381 930 482 virio.
970 387 976 404 ⁸
1193 403 1253 481 iil

226 591 419 676 Clementem
435 610 504 654 eum
520 591 616 654 fratre
631 613 689 654 suo
705 591 779 656 Saul
801 579 971 674 degenere
988 591 1127 674 episcopi
1144 591 1253 664 Budln‚

225 702 301 764 item
316 701 410 764 elium
427 701 618 764 Clementem
641 703 680 764 de
696 723 811 784 genere
827 703 939 776 Barsa,
960 702 1096 764 Germen
1118 703 1157 764 de
1180 701 1254 765 uilla

226 813 309 874 Sisol
323 813 362 874 de
376 813 527 894 parochia
538 797 746 895 Sumugiensi,
760 801 960 876 Salomonem
975 813 1014 876 de
1029 821 1124 896 ponte
1137 813 1254 894 Cepnn,

227 925 344 988 et'Fira
364 925 496 988 curiales
511 926 640 988 comites
655 925 781 987 domine
797 925 956 1000 Enfemie,
977 925 1137 988 Nicolaum
1157 925 1254 988 lilium
1324 959 1326 966 ·

104 1039 108 1045 '
227 1035 326 1117 Ugrn,
347 1036 407 1099 Pos
423 1037 461 1098 de
477 1036 551 1098 uilla
568 1020 697 1098 Undoch
712 1043 743 1098 et
758 1035 845 1096 alios.
867 1055 907 1096 ex
920 1035 970 1098 his
985 1036 1091 1118 itaque
1107 1037 1253 1098 omnibns

185 1196 187 1204 .
228 1147 318 1210 electi
352 1155 425 1209 sunt
453 1131 626 1210 secundum
655 1147 1089 1228 opnionem'aduers'nnoium
1119 1147 1255 1208 lohanoa

226 1255 308 1318 filius
322 1233 471 1318 iohannis
487 1255 606 1318 comitis
622 1267 653 1320 et
665 1245 828 1329 Salomon,
842 1266 876 1318 ut
889 1257 932 1317 illi
949 1277 1020 1318 eum
1035 1259 1254 1338 prenominato

229 1367 378 1450 pristaldo
392 1369 425 1430 in
441 1369 631 1431 monasterio
644 1369 724 1449 Ugra
739 1368 888 1441 iurantes,
910 1367 1093 1448 pristaldnm
1106 1389 1255 1431 ueraeem

227 1499 297 1542 esse
312 1479 566 1561 comprobarent.
592 1480 631 1540 nd
647 1479 816 1560 predictam
832 1487 935 1542 autem
947 1479 1113 1542 eeclesiam
1124 1481 1256 1542 uenien-

225 1599 282 1665 tes,
303 1590 456 1674 pristaldo
475 1597 506 1653 et
523 1591 655 1654 testibus
676 1592 781 1654 iurare
804 1591 993 1666 uolentibus,
1014 1591 1186 1654 aduersarii
1200 1613 1255 1656 eo·

225 1723 295 1764 rum
310 1702 480 1765 noluerunt
494 1723 549 1765 eos
564 1703 719 1767 adiurare.
742 1704 940 1784 supradictus
956 1723 1032 1785 ergo
1047 1702 1151 1778 iudex,
1173 1706 1254 1766 serie

224 1814 324 1878 torius
340 1830 433 1879 cause
449 1813 576 1876 domino
591 1834 648 1876 suo
662 1814 741 1876 Mire
757 1815 861 1876 comiti
874 1814 1013 1887 recitata,
1028 1821 1059 1878 et
1070 1815 1255 1878 auctoritate

224 1925 322 2006 ipsius
330 1925 508 1986 firmiorum
523 1931 667 2006 accepta,
685 1945 761 2004 sepo
776 1925 836 1986 iam
852 1933 1041 1987 memoratos
1056 1926 1199 1989 homines
1214 1927 1254 1989 de

211 2035 300 2108 ‘nilla
320 2036 407 2118 Gyan
432 2033 570 2098 iudiciali
596 2036 756 2098 sentencia
782 2037 1019 2109 condemnauit,
1041 2045 1072 2098 et
1095 2035 1254 2118 profertum

158 2161 161 2171 ·
224 2147 374 2228 Magnum
393 2147 426 2208 in
447 2147 646 2227 possessione
669 2154 754 2209 terre
775 2167 832 2208 sue
855 2147 1068 2220 confirmauit,
1097 2149 1169 2212 dato
1192 2149 1256 2230 pri·
1307 2159 1309 2164 ’

225 2257 326 2322 staldo
347 2257 474 2318 nomine
496 2257 645 2338 Dionysio
667 2254 731 2318 filio
747 2257 874 2338 Ompud
895 2242 934 2320 de
956 2257 1119 2338 prouincia
1133 2259 1254 2348 Zardnd

226 2369 265 2430 de
284 2367 358 2430 uilla
373 2367 496 2430 Uoslan.
525 2369 593 2449 ipso
609 2389 737 2450 quoque
760 2369 900 2450 prelatus
914 2368 1026 2443 iudex,
1048 2377 1123 2432 eum'
1134 2370 1258 2434 eisdem

226 2477 413 2540 aduersariis
442 2479 632 2540 Uarndinum
668 2479 862 2552 dormiens,
891 2467 1011 2542 'coram'
1029 2481 1106 2561 ipsis
1134 2461 1277 2544 Simoni

226 2587 375 2670 episeopo
396 2588 515 2672 totique
538 2589 674 2670 capitulo
697 2596 792 2654 totam
808 2590 1031 2653 execueionem
1053 2591 1254 2656 huinsonose

226 2709 385 2764 exaratam
401 2701 545 2784 superius
561 2709 708 2763 oretenus
724 2702 781 2765 luit
796 2708 997 2765 contestatus.

206 2892 209 2895 Ι
307 2808 395 2892 (324)
417 2810 547 2872 Galaldu
570 2819 601 2873 et
617 2812 704 2874 Titoo
724 2813 763 2873 de
787 2811 860 2872 uilla
876 2812 1008 2894 Tuluoy,
1028 2813 1103 2875 item
1121 2814 1188 2896 Ego
1211 2815 1250 2878 do

224 2923 300 2987 uilla
314 2923 396 2996 era,
419 2929 450 2984 et
465 2921 552 2984 Teisa
575 2923 613 2984 de
629 2921 704 2986 uilla
719 2921 749 2984 S.
760 2922 902 3006 Georgii,
923 2930 959 2986 ut
971 2924 1141 3006 pristaldos
1163 2925 1252 3000 dixit,

224 3053 296 3097 nam
312 3035 397 3096 solus
413 3035 499 3096 Tekn
520 3035 559 3096 de
581 3031 641 3096 illis
656 3033 715 3096 fnit
729 3034 875 3096 Uaradini
895 3035 927 3096 in
949 3037 1144 3098 exeeueione'
1160 3036 1251 3099 nutus

225 3165 333 3219 cause,
354 3129 743 3226 impedieruntdominum
763 3133 864 3228 Bogni
888 3139 927 3208 de
948 3145 1020 3208 uilla
1035 3137 1100 3209 Ye'a
1120 3167 1178 3230 pro
1193 3149 1252 3210 ho·

224 3257 359 3320 mioidio.
381 3256 485 3318 lu'dice
496 3257 594 3319 Paulo
608 3257 724 3318 comite
738 3257 777 3318 de
788 3257 900 3330 Bdkes,
915 3265 945 3318 et
959 3255 1111 3338 pristaldo
1122 3257 1252 3332 Poehin,

225 3363 265 3428 de
279 3367 354 3428 nilla
367 3369 480 3428 Zuenr.
507 3368 623 3449 Bognir
639 3368 744 3449 itaque
759 3375 882 3449 portato
897 3367 982 3430 ferro
996 3367 1180 3432 iustificatos
1194 3377 1252 3432 eet.

306 3475 394 3559 (325)
417 3479 593 3560 Tenlegyn‚
617 3479 737 3542 'l'rebus
758 3487 790 3542 et
812 3480 926 3554 Uosos,
948 3499 1015 3542 eum
1032 3481 1153 3543 occisus
1167 3487 1253 3545 esset

225 3588 353 3670 qnidam
375 3575 527 3670 cognatus
551 3609 678 3662 eorum,
707 3589 826 3651 scilieet
848 3591 976 3664 Somoo,
997 3588 1136 3670 impediit
1156 3611 1251 3672 quos-

225 3699 309 3772 dam,
322 3698 441 3760 scilieet
455 3699 527 3760 Mon
542 3705 573 3760 et
583 3699 702 3760 Budam
718 3700 757 3760 de
773 3700 930 3761 occisione
945 3698 1036 3763 illius.
1052 3703 1108 3764 sed
1120 3709 1151 3764 et
1161 3703 1250 3764 euna
1294 3682 1295 3689 ἵ

225 3817 255 3872 et
268 3809 384 3870 Bonalo
405 3809 566 3890 suspectui
589 3808 687 3872 habiti
707 3817 793 3894 sunt,
813 3811 899 3890 'qnod
919 3803 1024 3892 stipsi
1039 3812 1157 3874 consoli
1170 3812 1252 3873 ooei-

224 3920 321 3982 sionis
336 3919 503 3982 extiterint.
531 3913 680 4002 Raphadl-
690 3921 785 4003 igitur
799 3941 905 3984 comos
919 3923 959 3985 de
974 3922 1166 3996 Kuokellun,
1192 3941 1251 4003 per

223 4029 407 4112 pristaldnm
427 4030 554 4097 nomine
577 4031 693 4094 Moneo
712 4033 796 4096 misit
809 4031 1016 4108 Uarndinum,
1037 4033 1092 4094 ubi
1109 4027 1200 4094 l‘udu
1219 4040 1251 4096 st

223 4141 340 4204 Banelo
354 4151 478 4224 portato
493 4143 577 4205 ferro
591 4143 747 4206 iustificati
762 4153 843 4208 sunt.

169 4242 172 4245 ⁵
306 4249 397 4338 (326)
418 4251 596 4318 Alexander
622 4253 705 4320 filius
727 4253 887 4320 Theodori
913 4257 952 4320 de
976 4253 1086 4318 Tomoi
1112 4253 1252 4339 impoolit
