2920 4758
270 398 333 462 toc
485 411 591 460 rom
611 412 699 458 rscrs
718 413 812 458 rma
832 410 1079 458 smcormssu

269 567 338 632 lunt
354 567 492 632 indicem
512 565 716 638 constituant,
737 583 832 648 quem
854 563 1047 628 nnhrrduor
1066 564 1171 628 solent
1190 565 1310 646 appel-

269 678 346 742 lore.

352 785 404 869 (2)
434 786 539 850 nullus
563 793 668 850 autem
692 785 857 868 burgensis
881 785 1031 848 cibutum
1056 791 1088 848 et
1110 785 1306 848 tricesimrns

270 898 396 961 soluere
420 905 580 971 teneatur,
605 897 666 958 nisi
686 897 741 978 qni
764 896 854 958 uadit
875 895 907 956 in
929 894 1115 958 Teutoninm
1139 913 1211 956 cum
1236 896 1308 960 suis

273 1007 503 1080 mercimoniis,
525 1008 564 1070 de
580 1005 721 1088 quolibet
741 1025 834 1068 curru
854 1005 1028 1088 ponderato
1050 1005 1154 1068 soluet
1168 1013 1230 1068 tres
1245 1006 1308 1068 de-

271 1119 393 1192 narios,
416 1119 454 1180 de
470 1117 599 1199 singulis
614 1136 691 1180 uero
707 1117 798 1198 equis
818 1115 984 1179 conalibus
1000 1116 1078 1179 duos
1093 1117 1257 1190 denarios,
1280 1137 1306 1180 a

272 1228 394 1292 dnobus
408 1227 508 1290 bobus
531 1247 627 1290 unum
643 1226 822 1304 denarium,
844 1227 883 1290 sle
898 1227 998 1288 trihus
1012 1226 1117 1308 porcis
1132 1246 1230 1288 unum
1245 1228 1305 1289 de-

272 1322 410 1412 narium,
423 1341 456 1401 in
469 1347 563 1420 portu
577 1341 681 1401 llraue
697 1340 737 1401 de
752 1337 892 1421 quolibet
906 1357 998 1400 curru
1014 1357 1112 1400 unum
1127 1339 1303 1400 denarium.

355 1447 401 1530 (3)
430 1450 457 1512 si
481 1450 551 1532 quis
576 1461 680 1514 autem
705 1447 823 1511 herede
850 1465 960 1530 carens
988 1447 1173 1521 decesserit,
1202 1447 1302 1511 libere

273 1561 417 1641 disponat
441 1561 676 1642 possessionem
700 1579 802 1633 suam,
833 1559 900 1621 siue
925 1559 1057 1622 ecclesie
1081 1559 1149 1622 siue
1175 1558 1301 1622 cuilibet

271 1689 401 1734 suornm
416 1679 632 1753 cognatorum.

356 1779 400 1862 (i)
423 1782 449 1842 si
470 1781 540 1862 quis
560 1800 639 1842 uero
661 1780 798 1842 uoluerit
818 1781 858 1842 de
872 1780 948 1842 uilla
967 1779 1136 1853 recedere,
1163 1781 1299 1844 uenditis

273 1892 416 1954 omnibus
431 1893 495 1955 suis
510 1892 640 1954 edificiis
654 1892 752 1954 libere
769 1892 866 1972 possit
880 1892 976 1954 abire.

356 1999 400 2083 (ὅ)
422 2005 601 2086 quicunque
625 2023 702 2066 uero
716 2002 882 2084 burgensis
896 2024 953 2084 per
967 2001 1101 2085 aliquem
1116 2011 1301 2067 extraneum

271 2115 306 2176 in
325 2115 421 2178 rebus
442 2114 507 2176 suis
529 2115 678 2177 damnum
697 2122 874 2196 pateretur,
900 2123 931 2179 ct
952 2115 1036 2177 idem
1059 2113 1241 2179 malefactor
1262 2118 1301 2180 ab

271 2225 383 2287 codem
403 2224 553 2307 burgensi
575 2224 608 2286 in
629 2225 704 2288 uilla
727 2245 785 2288 sua
805 2233 1095 2308 recognosceretur,
1124 2227 1301 2291 rictlrardus

270 2335 413 2400 eiusdem
429 2335 490 2400 loci
505 2337 586 2400 inter
601 2356 654 2398 eos
668 2336 767 2400 iaciat·
778 2335 942 2400 iusticiam.

351 2448 463 2508 Datum
484 2467 543 2526 per
555 2466 667 2508 manns
690 2447 830 2528 magistri
845 2446 984 2520 Thome,
1014 2448 1084 2510 aule
1104 2455 1214 2512 nostre
1230 2469 1303 2512 can-

271 2556 401 2628 cellarii,
424 2576 506 2618 anno
529 2557 568 2618 ab
589 2556 811 2620 incarnacione
833 2557 951 2620 domini
971 2555 1136 2622 millesimo
1150 2560 1302 2630 ducente,

270 2687 350 2730 ormo
365 2686 461 2729 nono.

610 2878 959 2906 m

563 3094 800 3182 nonno
819 3096 1004 3184 coms
1057 3080 1062 3098 '

739 3281 831 3324 rursu
938 3267 944 3272 ’

237 3481 239 3486 ,
272 3399 927 3488 sttlttlttlstlttttttttnstlt
942 3391 1300 3493 tntilltlsttltt.

500 3586 502 3594 ·
709 3562 860 3626 mccxli.

547 3724 691 3791 llregestn
707 3729 851 3781 Innocentii
868 3729 914 3786 lll.
934 3731 962 3782 P.
981 3733 1016 3784 Μ.
1058 3801 1060 3806 Ι

687 3868 885 3882 *-

352 3983 389 4044 ln
402 3984 530 4046 nomine
546 3985 641 4066 patris
657 3993 689 4050 et
702 3986 758 4049 lilii
772 3997 803 4054 et
818 3989 945 4071 spiritns
960 3993 1071 4058 sancti.
1095 4013 1197 4060 amon.

353 4093 422 4157 llec
441 4101 490 4156 est
509 4094 612 4158 forma
624 4097 716 4180 ¹pacis
738 4099 819 4166 iuter
833 4100 1083 4188 strigoniensem
1102 4105 1302 4172 otColoccn-

271 4224 341 4282 sem
363 4205 626 4306 archiepiscopos,
