2904 4754
307 437 613 494 censuissemus
634 443 784 498 runrnms
807 447 958 502 saxonum.
998 437 1087 506 tart.
1149 443 1209 508 525

175 617 239 680 per
260 607 359 662 tutum
372 605 510 674 annum,
531 623 632 684 usque
655 605 695 666 ad
710 605 943 672 reuoluciouem
966 631 1050 694 noue
1066 623 1208 689 monete,

176 713 267 794 quod
281 711 412 794 quilibet
424 713 537 775 babeat
560 716 688 778 liberam
709 717 871 782 licenciam
887 723 1027 797 emendi,
1050 725 1209 790 uendendi

176 843 253 886 curn
274 825 342 905 ipsa
362 833 505 900 moneta,
528 847 598 888 cum
620 847 697 890 auro
717 837 748 892 et
762 841 903 914 argento,
925 835 976 896 uel
990 837 1207 920 cuiuscunque

176 937 359 1000 substancia
375 937 539 1000 facultatis.

194 1091 199 1102 .
262 1049 343 1123 (ta)
378 1067 438 1111 ncc
464 1052 688 1140 pretermisso,
723 1056 810 1138 quod
838 1058 1005 1138 sepedictis
1032 1059 1207 1142 hospitibus

175 1160 293 1222 nostris
317 1159 463 1223 fidelibus
485 1161 517 1222 in
540 1164 630 1244 aquis
654 1151 810 1246 piscandi,
838 1167 1025 1251 incampis,
1056 1171 1088 1234 iu
1110 1173 1206 1255 syluis

176 1273 334 1348 uenandi,
355 1273 480 1358 plenam
496 1277 709 1339 concessimus
723 1278 908 1344 libertatem.
937 1349 940 1356 ,

260 1387 342 1461 (13)
364 1373 507 1450 uolumus
523 1383 653 1472 insuper
665 1393 749 1474 quod
765 1391 797 1454 in
812 1394 904 1456 metis
920 1402 950 1458 ct
964 1393 1123 1470 limitibus,
1142 1398 1205 1480 syl-

175 1499 228 1560 uis
244 1505 276 1560 et
289 1499 479 1572 nemoribus,
499 1521 557 1581 per
571 1501 685 1564 nullius
708 1489 903 1566 condicionis
925 1505 1084 1568 bominem
1106 1507 1206 1589 impe-

177 1609 305 1672 diantur
326 1610 376 1672 uel
395 1619 574 1697 geaneruun,
595 1633 707 1678 uerum
722 1615 781 1696 ipsi
795 1615 882 1698 larga
892 1618 1062 1699 pociantur
1075 1618 1206 1682 licencia

175 1721 284 1804 syluas
305 1723 512 1802 exstirpandi,
534 1725 611 1786 etin
627 1732 740 1787 terram
758 1727 906 1790 arabilem
922 1729 1103 1812 redigendi,
1124 1731 1205 1795 suis·

176 1853 241 1916 que
255 1833 365 1896 usibus
380 1834 568 1916 applicandi.

261 1943 339 2020 (lb)
371 1959 443 2008 cum
463 1955 579 2010 'autem'
596 1947 780 2014 collectores
794 1953 937 2034 ,terragii
966 1954 1087 2029 nostri,
1118 1961 1204 2018 certo

173 2065 319 2138 tempore
340 2059 514 2138 prescripto
536 2059 575 2120 ad
598 2058 685 2140 ipsos
705 2058 915 2140 perueniunt,
935 2064 1125 2126 tenebuntur
1147 2083 1203 2128 eos

173 2168 341 2250 suscipere·
353 2169 526 2234 honorilice
540 2177 571 2234 et
584 2179 751 2252 gratanter,
771 2171 904 2235 incerto
919 2187 1053 2236 numero
1067 2183 1203 2258 quatuor

173 2298 385 2364 personarum
407 2289 439 2343 et
463 2281 604 2364 quinque
628 2299 811 2363 equorum,
827 2283 940 2364 quibus
961 2284 993 2349 in
1016 2285 1202 2350 uictualibus

174 2401 208 2456 et
223 2393 341 2454 deliciis
356 2393 476 2464 laucius
490 2393 718 2473 procidebant,
738 2392 840 2456 donec
855 2411 976 2457 summa
989 2402 1203 2460 trecentarum

173 2517 374 2578 marcarum,
389 2523 460 2566 cum
482 2505 621 2586 pondere
639 2515 806 2587 prenotato
818 2507 1017 2590 integraliter
1029 2509 1202 2592 colligatur.

176 2633 179 2640 ·
252 2619 337 2693 ,(15)
356 2623 518 2698 'postremo
528 2617 604 2698 ipsis
622 2619 798 2698 petentibus
811 2619 894 2682 bauo
906 2621 1118 2684 concessimus
1130 2639 1203 2702 gra-

173 2731 276 2792 ciam:
298 2729 613 2812 querendi'mineras
636 2737 667 2792 et
687 2729 812 2795 metalla
831 2731 863 2792 in
883 2729 1052 2806 montanis,
1073 2733 1203 2796 inuenta

174 2842 305 2916 tollere,
326 2848 357 2904 et
377 2841 441 2904 suis
463 2839 570 2902 usibus
592 2839 766 2922 applicare,
788 2841 876 2903 saluo
891 2840 959 2903 iure
975 2850 1092 2916 nostro,
1114 2841 1203 2904 detli-

175 2973 245 3016 mus
261 2959 459 3035 potestatem,
1131 3030 1133 3034 .

256 3074 293 3127 ut
305 3064 401 3147 igitur
413 3065 507 3128 buius
523 3083 540 3126 a
554 3063 645 3126 nubis
660 3080 810 3126 concesse
824 3063 976 3127 libertatis
991 3063 1089 3126 series
1103 3063 1202 3128 robur'

175 3179 318 3242 obtineat
339 3175 490 3237 firmitatis
515 3183 676 3256 perpetue,
698 3194 757 3238 nec
775 3195 833 3256 per
855 3174 1034 3256 quempiam
1052 3193 1202 3256 processu
1257 3175 1272 3226 ἶ

175 3287 326 3368 temporis
341 3283 501 3351 retractari
516 3285 629 3358 ualeat,
651 3289 704 3348 aut
719 3285 751 3348 in
765 3286 887 3350 irritum
900 3283 1137 3366 quomodolibet
1150 3303 1201 3348 rm

174 3373 300 3471 uocari,
337 3383 501 3478 presentes
524 3395 736 3458 concessimus
757 3395 896 3468 litteras,
929 3395 1084 3475 dupplicis
1107 3390 1202 3476 sigilli

175 3511 273 3573 nostri
288 3507 460 3570 munimine
475 3509 646 3570 roboratas.
670 3507 775 3573 datum
790 3518 847 3589 per
862 3522 971 3568 manus
986 3505 1127 3587 magistri·
1140 3506 1201 3570 Βό-

136 3701 137 3704 *
174 3621 292 3686 nedi'cti
320 3617 502 3682 (leodiensis
527 3617 660 3682 ecclesio
677 3617 865 3700 prepositi,
884 3617 954 3680 aule
979 3627 1087 3680 nostre
1115 3617 1202 3680 uice-

174 3730 370 3804 e‘an'eellarii,
380 3729 496 3821 ‘dilecti
510 3737 541 3792 et
555 3729 655 3790 tidelis
670 3707 778 3792 nostri.
803 3736 886 3788 anno
901 3727 1020 3790 domini
1034 3727 1199 3790 millesime

174 3831 395 3904 ducentesimo
418 3839 650 3922 septuagesimo
677 3837 787 3920 primu.
813 3837 892 3900 Vllla
925 3836 987 3900 lral.
1017 3835 1198 3910 Decembris

172 3953 342 4017 indictione
358 3949 547 4036 XIV.''regni
563 3959 666 4012 autern
681 3951 779 4012 nostri
792 3949 829 4011 ll.
870 3987 871 3992 κ
929 3965 931 3970 ’

514 4191 851 4228 m
663 4191 667 4198 ⁸
920 4209 921 4216 t
