2920 4758
148 447 240 497 enne
257 447 303 494 ιιι.
321 445 412 492 neers
429 445 579 492 nunnurss
599 441 988 502 ourrnurrccnnsmusrurr.
1010 421 1100 489 1191.
1121 423 1181 490 393

147 601 272 675 uende,
294 607 431 682 quarum
445 598 596 662 medietas
612 595 758 672 ecclesie,
780 603 813 660 et
827 595 888 659 alia
901 615 974 678 pars
987 596 1094 659 comiti
1108 616 1182 678 pro·

147 708 279 772 uinciali
299 709 400 772 cedat.

233 815 279 900 (2)
300 821 379 882 ltern
394 817 454 881 alia
470 819 611 882 eiusdem
627 819 759 882 ecclesie
775 819 902 882 libertas
916 817 977 882 hec
992 825 1055 892 est,
1075 823 1110 880 ut
1123 837 1181 900 po-

146 929 215 1014 puli
237 931 380 992 eiusdem
404 929 556 1004 ecclesie,
575 929 656 992 sicut
670 929 869 1011 iobagiones‚
891 927 1031 1008 hospites
1048 935 1078 990 et
1093 929 1180 992 ciues

147 1042 306 1115 eiusdem,
328 1043 415 1105 ciues
437 1059 493 1105 sue
514 1041 648 1106 ciuitatis
664 1041 1012 1124 Quinqueecclesiensis
1032 1041 1084 1104 uel
1104 1040 1181 1104 alio·

145 1159 219 1216 rum
244 1155 400 1216 honorum
425 1154 567 1216 eiusdem
582 1151 743 1226 'ecclesie
762 1171 820 1214 seu
845 1151 1096 1226 condicionales,
1123 1170 1180 1233 per

145 1271 249 1327 toturn
270 1247 565 1346 regnumnostrum
588 1283 659 1327 curn
683 1283 792 1326 eorum
815 1264 988 1337 mercibus,
1015 1264 1069 1326 nel
1089 1263 1180 1328 aliter

146 1374 330 1456 ubicunque
352 1381 567 1447 transeuntes,
590 1373 710 1436 nullum
732 1357 883 1436 tributum
904 1373 1028 1436 soluere
1049 1382 1179 1437 tenean-

144 1477 222 1546 tur,
239 1491 270 1546 et
285 1467 463 1565 quicunque
481 1503 536 1546 eos
552 1485 655 1548 taliter
669 1501 802 1568 grassare
816 1485 1036 1566 presumserit,
1064 1502 1177 1566 penam

146 1595 260 1676 uiginti
274 1611 449 1657 marcarum
463 1595 587 1658 solu-ere
603 1595 820 1676 compellatur,
842 1597 929 1658 euius
951 1597 1103 1660 medietas
1125 1615 1178 1660 on-

146 1706 216 1768 miti
234 1705 385 1778 Palatino,
406 1705 465 1766 alia
489 1725 572 1767 uero
593 1706 745 1768 medietas
770 1705 903 1769 ecclesie
926 1706 1178 1789 Quinqneeccle·

144 1817 244 1880 siensi
259 1818 366 1890 cedat,
387 1817 529 1879 eiusdem
543 1813 675 1878 Palatini
692 1825 847 1899 potestate
869 1819 991 1899 plenius
1011 1818 1176 1900 exigenda.

230 1925 277 2008 (3)
296 1929 375 1990 Item
397 1947 506 1990 omnes
529 1929 743 2009 possessiones
765 1936 797 1992 et
815 1930 899 1992 bona
914 1930 1055 1992 eiusdem
1074 1923 1176 1992 eceless

144 2042 208 2114 sie,
229 2047 294 2103 tam
307 2039 414 2102 habita
428 2060 523 2122 quam
538 2040 700 2115 habenda,
721 2041 754 2102 in
768 2059 955 2123 quacunque
975 2041 1175 2123 parteregni

144 2151 246 2213 nostri
268 2152 397 2224 situata,
418 2150 564 2214 uolumus
587 2172 656 2215 esse
675 2151 793 2226 libera,
813 2161 877 2215 tarn
892 2153 932 2214 ab
947 2141 1101 2216 auditorio
1116 2171 1175 2214 no-

143 2269 210 2324 stre
225 2261 405 2334 maieetatis,
425 2281 519 2343 quarn
534 2281 552 2324 a
566 2262 682 2324 iudicio
697 2261 809 2324 iudicis
824 2262 910 2324 curie
924 2269 1045 2336 nostre,
1067 2261 1174 2324 simili*

143 2381 194 2436 ter
208 2373 308 2436 eciam
322 2374 361 2434 ah
376 2374 461 2434 omni
474 2374 693 2438 iurisdictione
709 2381 741 2436 et
755 2381 915 2455 potestate
928 2359 1174 2448 comitlsnostri,

144 2485 200 2566 qul
220 2503 279 2565 pro
298 2491 440 2565 tempore
460 2484 596 2546 extiterit
613 2485 764 2558 Palatini,
785 2492 880 2566 prout
902 2485 1003 2546 eciam
1025 2485 1173 2548 anostris

143 2573 313 2660 comnenus?
329 2593 575 2676 prinnannus
597 2595 650 2657 uu
671 2595 889 2686 parochianis,
911 2603 942 2660 et
962 2596 1173 2659 coram-nuno

141 2707 285 2787 ipsorum
299 2704 408 2787 pepuli
423 2706 564 2768 eiusdem
586 2706 726 2770 ecclesie·¹
734 2707 869 2770 debeant
883 2727 1084 2790 comparere,
1102 2715 1134 2771 et
1147 2709 1174 2770 si

143 2817 392 2897 comparuerint,
412 2798 543 2879 nullam'
554 2837 668 2900 penam
687 2811 744 2881 seu
758 2819 1082 2900 condempnacionem
1099 2821 1173 2881 ideo

142 2927 378 3009 pertimescant,
398 2927 456 2990 sed
468 2929 572 2990 solum
587 2948 693 2992 eorum
706 2929 926 3011 episeoponel
947 2918 1173 2992 eiusotllciali·

95 3043 97 3047 ’
142 3039 202 3100 hus
219 3039 355 3102 debeant
369 3039 443 3104 dieti
458 3041 580 3122 populi,
595 3049 659 3103 tarn
673 3042 706 3104 in
720 3040 931 3104 criminalibus
942 3059 1037 3124 quarn
1051 3041 1084 3102 in
1097 3059 1173 3122 pen·

143 3151 293 3212 suniariis
316 3153 491 3214 conueniri.
518 3161 738 3216 uerumtamen
757 3153 784 3214 si
800 3153 955 3216 iusticiam
975 3159 1173 3234 conquerenss

142 3261 226 3324 tibus
248 3262 419 3343 denegaret
439 3263 524 3326 idem
544 3265 724 3346 episcopus,
746 3265 786 3326 ad
807 3265 927 3347 regiam
950 3265 1049 3346 possit
1067 3271 1098 3327 et
1116 3265 1173 3328 dc-

142 3373 217 3434 beat
237 3356 457 3454 presenciam,
476 3395 547 3437 curn
569 3375 759 3439 reuerencia'
777 3383 885 3440 tamen
906 3378 1011 3441 debita
1029 3379 1172 3453 euocari,

143 3485 413 3569 conquerentibus
429 3504 650 3567 responsurus.
678 3487 709 3550 si
722 3507 803 3551 uero
814 3491 992 3571 prepositus
1007 3483 1175 3572 11111ιί111ιῐ

141 3593 208 3654 lum
223 3593 364 3656 eiusdem
378 3595 513 3658 ecclesie
523 3599 788 3679 conquerenti-bus
802 3597 957 3662 iusticiam
969 3601 1172 3684 denegarent,

142 3701 240 3766 soline
256 3703 396 3787 episcopi
411 3707 458 3768 sui
468 3714 505 3770 et
519 3693 581 3770 non
597 3707 725 3770 alterius
740 3697 865 3773 stabunt
877 3711 1004 3774 iudicio.

224 3812 273 3898 (l)
294 3817 372 3878 Item
395 3819 470 3900 quia
492 3820 627 3882 ecclesia
651 3820 1001 3903 Quinqueeceleslensis
1029 3833 1077 3890 est
1100 3827 1173 3890 fun·

142 3927 269 3992 datain
292 3931 441 3994 comitatu
464 3932 504 3996 de
518 3932 676 4016 Bnranya,
697 3941 730 3998 et
746 3942 870 4000 exemto
890 3939 930 4002 ab
949 3941 1034 4004 omni
1053 3941 1173 4005 iudicio

142 4040 309 4104 cuiuslibet
323 4039 435 4106 iudicis
448 4045 539 4127 regni
552 4043 669 4120 nostri,
690 4047 835 4112 uolumus
848 4056 970 4129 tamen,
994 4061 1029 4117 ut
1043 4061 1075 4117 et
1088 4075 1172 4118 sern-

141 4171 200 4231 per
213 4150 331 4215 factum
346 4155 569 4236 comperimus,
590 4157 677 4239 qued
691 4158 805 4224 debeat
818 4161 944 4226 soluere
957 4164 1024 4250 ipsa
1039 4163 1171 4226 ecclesia

142 4260 255 4326 eonio,
264 4263 303 4326 de
317 4263 460 4348 Baranya
473 4267 635 4331 annuatim
648 4269 787 4355 singulas
801 4277 872 4337 tres·
881 4291 1004 4338 marcas
1017 4274 1170 4339 irisaticc-

883 4373 924 4436 26
