2920 4758
283 389 344 459 386
509 407 603 458 uuum
624 406 859 460 ιιιιιιιιιιιιοιι
881 407 1087 462 serueueram

366 564 413 648 (tt
443 567 770 632 anathematizauimus
793 587 903 630 omnes
925 573 1028 630 uectus
1046 565 1256 632 hereticorum
1278 575 1328 634 et

282 698 392 742 eorum
415 679 599 760 complices,
631 687 738 742 eontra
759 686 991 742 sacrosanctam
1013 680 1187 746 Romanam
1213 679 1320 744 eucle-

284 791 363 852 sium
379 798 410 852 et
425 791 493 852 eius
508 791 683 854 doctrinam
698 789 907 865 oblatrantes,
929 799 962 854 et
982 809 1092 854 omnes
1114 791 1253 854 indebite
1267 811 1324 854 eo·

284 901 450 964 elesiastiui
481 901 577 964 officii
605 903 842 977 uerberatores,
874 911 906 965 et
927 902 1120 966 deeimarum
1146 901 1326 966 redituum·
1446 895 1447 916 ³

287 1032 350 1094 que
366 1011 651 1076 ecelesiasticorum
667 1021 823 1096 raptores,
843 1014 1006 1078 inuasuros
1029 1033 1065 1078 ac
1085 1013 1192 1080 iiiirite
1212 1019 1323 1076 reten-

285 1131 382 1198 tores,
403 1124 464 1208 pisi
479 1125 573 1207 digne
588 1123 798 1192 satisfecerint
812 1124 1032 1192 satisfactione.

368 1232 414 1317 (2)
444 1235 502 1298 Ubi
527 1243 558 1299 et
582 1236 746 1301 statuimus
771 1244 806 1299 ut
829 1255 938 1300 omnes
963 1236 1148 1301 usualitates
1173 1237 1320 1320 antique,

284 1366 365 1430 quas
378 1346 512 1424 eeclesia
525 1367 551 1412 s.
562 1347 687 1413 Domnii
700 1347 872 1423 habuerat,
892 1355 925 1411 et
947 1349 1185 1420 iurisdictiones
1200 1358 1265 1418 tem
1284 1352 1318 1412 iu

285 1459 451 1542 episeopus
472 1481 566 1542 qnam
585 1461 619 1522 in
640 1459 735 1522 alium
755 1461 874 1524 olerum
893 1461 1066 1527 seeundum
1082 1461 1244 1524 domiuum
1258 1463 1317 1526 ha-

284 1573 379 1637 beant
393 1573 628 1646 aucteritatem,
650 1580 682 1635 et
703 1573 789 1656 quod
808 1571 967 1636 neminem
990 1573 1031 1636 ad
1051 1573 1196 1638 ordinem
1216 1575 1318 1638 arohi-

285 1684 454 1767 episeopus
467 1690 670 1766 promoueat,
691 1683 751 1748 nisi
765 1704 824 1766 per
839 1683 1094 1752 archidiaoouum
1116 1697 1170 1750 aut
1191 1707 1249 1768 per
1264 1706 1317 1749 ea-

284 1798 417 1858 nonicus
442 1817 467 1857 s.
483 1795 606 1858 Domuii
635 1802 867 1876 presentatum,
894 1797 974 1859 sieut
997 1797 1029 1862 in
1054 1795 1115 1859 alio
1140 1798 1314 1880 priuilegio,

284 1907 369 1989 quod
386 1907 544 1970 canonicis
566 1928 660 1990 super
675 1907 811 1990 antiquis
830 1907 1047 1972 usualitatibus
1062 1909 1228 1973 seruandis
1243 1909 1316 1973 feei-

282 2027 353 2080 mus
370 2015 509 2098 pianum,
532 2025 581 2080 est
594 2037 789 2100 expressum.

279 2139 282 2147 ’
366 2127 413 2211 (3)
435 2130 627 2194 instituimus
650 2129 753 2192 eeiam
772 2138 807 2193 ut
820 2130 961 2195 officium
974 2130 1113 2194 hilario
1134 2131 1314 2216 uirginis‘ia

283 2242 585 2306 omnihus'eooiesiis
600 2261 659 2324 per
671 2250 810 2306 nostram
826 2243 977 2308 diocesim
989 2243 1077 2308 omui
1094 2245 1313 2308 disceptetur.

364 2351 409 2435 (i)
435 2355 584 2418 Preterea
606 2375 703 2438 quum
724 2355 875 2438 parochie
898 2359 1168 2439 suffraganeorum
1189 2363 1316 2420 uestro-

282 2485 352 2530 rum
368 2467 408 2528 ad
422 2486 456 2528 se
469 2465 607 2528 inuicem
623 2476 728 2530 essent
742 2468 872 2531 confuse
887 2475 919 2531 et
928 2469 1021 2532 eertir
1035 2467 1187 2532 limitibus
1194 2487 1316 2552 uuqua-

278 2587 379 2660 ‘quum
394 2577 556 2650 distinete,
578 2584 609 2640 et
622 2576 716 2640 nuliis
731 2577 904 2662 priuiiegiis
919 2580 1122 2654 communite,
1140 2581 1242 2644 ‘itaut
1255 2581 1315 2662 ipsi

284 2687 478 2770 episeopiin
500 2705 640 2751 errarem
662 2696 694 2752 et
714 2690 963 2772 controuersiam
983 2709 1061 2773 sepe
1081 2691 1317 2766 inducerentur,

279 2796 400 2881 ‘placuit
423 2799 514 2862 nobis
529 2799 671 2862 omuibus
685 2807 876 2863 memoratas
895 2799 1061 2882 paroehius
1082 2800 1187 2866 taliter
1206 2803 1316 2864 distin·-

277 2927 379 2993 Ιςιιιιι
395 2928 432 2974 ao
446 2911 619 2994 priuilegiis
634 2913 844 2986 communire,
873 2919 909 2974 ut
922 2913 962 2974 de
977 2920 1083 2976 ueteru
1097 2913 1315 2996 unusquisque

284 3024 504 3105 episcoporum
519 3023 673 3087 attributis
689 3023 747 3086 sihi
762 3023 920 3105 parochiis
936 3043 973 3089 ae
984 3023 1158 3108 priuilegiis
1169 3026 1315 3108 gaudeat,

276 3141 316 3198 ‘et
335 3135 411 3198 uuili
430 3154 571 3218 *uuquam
593 3135 720 3198 hairum
743 3137 1091 3219 suorumquesttonsm
1111 3137 1225 3200 exinde
1246 3157 1314 3206 rno-

276 3265 359 3312 'uere
374 3255 545 3329 presumat.

277 3373 279 3378 ·
365 3356 411 3440 (5)
430 3357 637 3420 Definiuimus
657 3357 762 3440 itaque
781 3359 849 3439 pari
865 3366 943 3422 uoto
965 3367 1001 3422 et
1021 3361 1179 3423 communi
1197 3361 1312 3424 uoluu-

281 3451 347 3532 tate
369 3469 544 3532 eorundem
559 3469 852 3550 *suffraganeorum
872 3477 908 3533 ut
927 3471 1183 3554 arehiepiscopus
1205 3473 1312 3554 spatu-

282 3580 380 3644 tensis
401 3581 459 3644 has
480 3581 603 3642 haheat·
618 3579 804 3662 parochias:
841 3583 988 3658 Giissam,
1021 3584 1126 3659 Senis,
1156 3585 1311 3660 ammam

284 3691 454 3763 Cettinam,
474 3695 571 3753 totam
595 3690 760 3766 Gieunam,
780 3699 881 3756 totum
899 3693 1063 3758 Massaron
1083 3703 1236 3758 erastum
1255 3695 1312 3764 Pol

276 3813 386 3882 'usque
400 3801 440 3863 ud
454 3800 611 3876 Vruiiam
633 3803 857 3888 etubreuuque
870 3813 943 3868 suut
955 3807 1238 3881 remeatremeat,
1250 3807 1313 3871 de-

282 3911 449 3976 bestamo
463 3913 796 3979 resimassnomuto,
891 3961 892 3965 ,

361 4019 413 4104 (ὅ)
431 4025 931 4106 insuperheheuthasaeelesius·
945 4028 1141 4105 s-,biarthem
1147 4031 1312 4094 sPetm

275 4135 325 4199 de
340 4135 495 4213 ssiubuoo,
516 4159 541 4202 s.
552 4138 700 4217 Murram,
722 4161 747 4204 s.
749 4141 967 4225 Stephanum,
987 4161 1013 4205 st
1024 4141 1223 4288 Mopsum
1234 4143 1313 4206 Bar·-

283 4243 486 4315 tbolomeum.
727 4264 729 4270 ’
