3048 4760
325 425 811 479 ronsnmnomsrnnmronon
825 426 866 476 nr
881 425 1037 475 notrorum
1066 405 1155 474 rma.
1196 407 1258 474 639

231 594 290 650 rat.
317 595 348 650 et
371 593 476 668 preter
496 585 556 649 heo
577 585 771 659 eciam'aiia,
793 605 854 666 que
876 583 907 646 in
929 583 1025 648 literis
1041 582 1159 648 domini
1174 582 1257 665 regis

229 708 372 780 tempore
384 698 618 760 corronacionis
633 717 689 759 sue
702 697 780 760 datis
792 697 1000 768 continentur,
1021 695 1145 777 plenius
1157 702 1258 756 atten-

230 811 344 873 dantur
358 818 389 872 et
402 809 533 872 firmiter
546 810 764 872 ohseruentur.

313 918 379 1003 (3⁷4)
401 922 572 984 statuimus
588 929 622 984 ut
635 941 746 983 omnes
760 920 891 1003 prelati,
919 939 998 1002 quos
1013 919 1184 1001 legitimum
1199 918 1258 980 im-

232 1034 445 1116 pedimentum
465 1053 529 1094 non
544 1033 727 1106 detinuerit,
748 1050 886 1096 necnon
901 1040 932 1094 et
947 1050 1056 1092 omnes
1071 1031 1206 1094 barones
1227 1037 1258 1092 et

232 1144 352 1208 nobiles
376 1144 531 1218 uniuersi,
560 1145 599 1207 ad
624 1144 801 1226 quindenos
826 1144 910 1206 beati
934 1141 1062 1225 Georgii
1086 1142 1119 1203 in
1143 1142 1258 1214 Bairos,

233 1256 317 1319 iuxta
331 1256 522 1329 Danubium,
545 1255 714 1318 conuenire
731 1261 908 1328 teneantur,
935 1261 969 1316 ut
984 1255 1127 1315 omnihus
1141 1253 1258 1315 ibidem

232 1367 406 1441 recensitis,
416 1387 478 1448 que
492 1366 525 1427 in
540 1367 648 1430 littoris
661 1367 779 1430 domini
792 1366 875 1447 regis
892 1385 1040 1446 expressa
1050 1365 1259 1439 continentur,

232 1477 389 1552 institutis,
410 1497 471 1560 que
485 1479 665 1542 necessaria
681 1477 854 1542 fuerint-
867 1497 908 1524 ⁴-
923 1485 1109 1540 statuentur.

315 1587 380 1672 (35)
403 1590 658 1665 Obseruandum,
680 1592 765 1673 quod
779 1591 860 1654 sicut
874 1611 931 1672 per
942 1589 1087 1662 barones,
1101 1587 1145 1650 ita
1159 1587 1259 1650 eciam

233 1720 290 1782 per
309 1715 415 1782 regem
436 1709 467 1762 et
490 1720 636 1781 proceres
650 1702 827 1783 Hungarie‚
849 1722 945 1784 super
960 1700 1093 1782 populos
1112 1697 1261 1762 ecclesia·

233 1831 302 1874 rum
325 1821 356 1874 et
373 1813 632 1874 monasteriorum
653 1814 740 1875 nnita
760 1814 885 1895 penitus
904 1812 1034 1877 collecta
1047 1811 1201 1894 exigatur.
1229 1818 1262 1874 et

232 1922 261 1984 si
284 1924 476 1986 contrariom
503 1923 621 1988 iactum
648 1923 759 1998 fuerit,
791 1923 982 1986 contrarium
1006 1923 1167 1986 iacientes.
1203 1943 1262 2004 per

234 2034 350 2096 dietum
372 2034 533 2098 dominum
556 2035 828 2117 archiepiscopum
843 2035 1049 2099 Colocensem
1062 2037 1109 2098 ad
1132 2035 1261 2099 modum

233 2145 448 2227 supradictum
465 2191 589 2208 ......
604 2147 776 2211 incurrant.

316 2261 355 2321 Et
376 2259 450 2340 quia
474 2257 685 2322 ,saluberrima
712 2266 828 2322 statuta
853 2259 942 2341 regio
970 2258 1094 2322 honori·
1109 2265 1141 2322 et
1167 2260 1261 2323 statui

233 2371 465 2454 regnicolarum
481 2385 601 2454 magno
611 2372 752 2435 remedio
768 2370 984 2453 proficienda,
1006 2391 1025 2434 a
1041 2361 1190 2453 predictis
1205 2391 1261 2434 ue·

228 2483 425 2547 ,nerabitihus
440 2483 589 2563 patribus,
611 2491 643 2546 et
656 2485 695 2546 ab
706 2484 817 2546 incolis
829 2485 930 2545 tocius
944 2483 1033 2566 regni
1044 2483 1206 2566 Hungarie
1221 2485 1260 2547 de

233 2595 328 2677 iegati
353 2615 508 2658 consensu
533 2595 651 2658 domini
677 2595 761 2678 regis
786 2603 818 2657 et
844 2595 997 2658 baronum
1022 2606 1262 2676 processerunt,

236 2715 325 2788 prout
348 2706 381 2768 in
404 2706 616 2787 superioribus
636 2715 684 2768 est
704 2725 907 2788 expncssum,
929 2726 987 2788 pro
1002 2736 1043 2754 -·
1056 2741 1097 2754 -
1111 2727 1263 2770 concessa

237 2817 375 2883 debitam
396 2817 554 2896 reperiant
575 2816 761 2879 firmitatem.
791 2816 937 2878 dominus
952 2835 1008 2878 rex
1023 2823 1053 2878 ct
1067 2818 1157 2900 regni
1170 2817 1264 2880 baro-

236 2947 293 2990 nes
315 2927 416 3009 sigiita
436 2941 508 3001 sne,
529 2928 569 2988 ud
590 2928 688 2990 instar
710 2928 803 3010 sigilli
824 2926 1035 3012 prolatorum,
1057 2928 1132 2990 huic
1154 2929 1263 2993 charte

237 3047 423 3104 statutorum
438 3047 665 3121 apposuerunt.
