2920 4758
448 1217 450 1222 Χ
519 1103 830 1187 fflfflfflffiffi

446 1259 910 1348 LIBERTAS

157 1441 366 1504 HOSPlTUM
380 1443 435 1504 DEx
447 1441 600 1515 POTOK,
618 1443 722 1504 APUD
736 1440 962 1503 ECCLESlAbl
978 1439 1008 1499 S.
1020 1437 1191 1500 NlCOLAl.

574 1565 729 1644 -mm
907 1563 910 1568 ’

516 1721 539 1772 Ε
557 1685 619 1789 mss.
638 1718 831 1786 Wagncrianis.

567 1891 779 1913 'm

242 2027 278 2086 In
293 2025 419 2087 nomine
442 2025 472 2086 S.
484 2025 514 2086 S.
527 1999 684 2086 Trinitatis
707 2031 738 2086 et
757 2025 919 2086 indiuiduo
940 2023 1076 2085 unitatis.
1097 2023 1190 2083 Eme-

157 2137 253 2211 ricus,
282 2137 335 2200 dei
360 2138 464 2219 gracia
485 2136 663 2218 Hungaric,
684 2135 856 2208 Dalmacie,
879 2135 1008 2196 Croacie
1031 2135 1189 2214 Rameque

157 2269 217 2312 rex
231 2249 267 2310 in
279 2257 476 2330 perpetuum.
507 2247 665 2322 Quoniam
681 2267 719 2308 ex
735 2247 888 2306 donorum
903 2244 1079 2325 pluralitate
1095 2243 1191 2304 liber-

158 2361 232 2422 tatis
247 2361 390 2442 sequitur
406 2361 628 2422 detrimentum
643 2367 675 2420 et
693 2377 878 2429 onerosum,
901 2357 964 2416 imo
979 2355 1189 2436 periculosum

158 2480 208 2534 est
229 2471 362 2532 diuersis
384 2471 493 2532 subiici
517 2470 655 2558 iudiciis,
682 2468 834 2530 incumbit
853 2487 963 2548 regum
986 2465 1189 2548 prouidencie

156 2583 312 2664 legalibus
342 2581 489 2644 institutis
515 2561 710 2643 subditorum
741 2579 954 2642 commoditati
981 2578 1189 2648 cumulande,

158 2696 290 2757 nociuos
304 2693 441 2755 indebite
464 2692 708 2774 presumptionis
724 2691 876 2772 impetus,
899 2691 937 2752 ab
954 2711 1061 2752 eorum
1077 2711 1190 2771 graua-

157 2805 295 2866 minibus
319 2803 472 2885 sagaciter
486 2811 647 2864 auertere:
672 2803 769 2864 debiti
784 2821 859 2863 sane
875 2801 973 2863 nostri
988 2800 1190 2861 consideran-

157 2924 206 2978 tes
221 2915 428 2996 exigcnciam,
446 2903 587 2994 hospites
603 2913 645 2977 dc
657 2913 758 2974 Potok
774 2912 858 2998 apud
873 2911 1039 2992 ecclesiam
1055 2909 1084 2970 S.
1095 2911 1186 2970 Nico-

156 3028 199 3088 lai
215 3005 453 3098 commorantes,
470 3025 596 3087 definite
611 3001 762 3087 libertatis
778 3022 943 3106 priuilegio
959 3023 1096 3103 gaudere
1112 3041 1186 3085 con-

158 3137 320 3210 cessimus,
341 3120 528 3200 statuentes:
872 3116 880 3126 „

242 3245 286 3329 (1)
308 3255 343 3310 ut
357 3233 531 3310 secundum
546 3267 603 3308 sue
618 3247 720 3329 gentis
735 3246 1012 3320 consuetudinem,
1034 3245 1072 3308 ab
1087 3244 1186 3308 electo

157 3361 240 3422 inter
255 3379 288 3420 se
302 3359 461 3440 preposito
475 3359 669 3444 iudicentur,
690 3378 755 3440 quo
770 3365 898 3440 propter
910 3359 1113 3439 negociorum
1129 3357 1188 3418 dif-

157 3470 330 3532 ficultatem
350 3489 414 3536 non
435 3469 625 3554 sufficiente,
649 3467 777 3550 palatini
792 3469 912 3532 comitis
933 3470 999 3532 siue
1014 3470 1097 3551 regis
1113 3471 1187 3531 sub-

160 3588 235 3642 eant
259 3579 426 3654 iadicium,
451 3599 509 3641 nec
533 3580 565 3639 in
590 3555 783 3642 secularibus
804 3579 881 3641 alios
902 3579 1041 3641 babeant
1055 3624 1187 3641 .....

246 3687 301 3770 (2)
324 3734 331 3750 .
347 3735 355 3752 .
371 3733 379 3752 .
395 3733 403 3750 .
425 3689 500 3770 quin
516 3698 547 3752 et
562 3691 738 3770 ponderum
753 3691 986 3752 attributorum
1001 3689 1188 3770 pensionem

159 3799 237 3882 ipsis
262 3800 626 3873 omninoremittcntes,
648 3801 863 3873 decernimus,
884 3807 918 3862 ut
942 3801 995 3880 qui
1016 3819 1055 3863 ex
1076 3799 1188 3862 iisdem

160 3913 281 3975 beredo
298 3920 459 3986 carerent,
479 3911 612 3976 liberam
627 3911 829 3992 disponendi
836 3955 1032 3972 .........
1052 3911 1190 3974 babeant

160 4023 360 4097 facultatem,
377 4032 414 4086 ct
435 4025 474 4086 ad
494 4020 576 4086 filias
597 4030 723 4104 neptes,
744 4029 893 4104 nepotes,
915 4042 971 4086 seu
986 4023 1073 4097 alios,
1095 4043 1190 4104 quos-

161 4153 287 4216 cunque
303 4134 449 4200 duxe'rint
462 4135 668 4218 adoptandos,
688 4133 844 4198 bonorum
858 4153 986 4198 suorum
1001 4131 1189 4199 uniuersitas'

163 4245 361 4314 dccotua'tur.
850 4246 853 4251 ’

957 4553 1221 4689 aaaron
1312 4485 1407 4510 '⁸
