2920 4758
407 443 566 490 rosrrrou
588 442 629 488 ms
650 442 805 488 mesura.
850 421 940 488 mco.
1126 419 1187 486 ibi

153 602 302 674 uenisse,
322 598 418 662 talem
434 598 594 672 dedimus,
617 595 804 660 donauimus
819 602 850 659 ct
864 594 1076 658 concessimus
1089 591 1185 656 liber-

155 723 268 778 tatem:

239 827 295 902 (1)
311 824 397 908 quod
409 823 661 894 moreSaxonum
675 821 798 886 uillicus
813 821 953 903 ipsorum
965 826 1100 882 armatus
1112 838 1184 880 cum

154 945 292 1021 quatuor
304 936 447 1018 personis
461 934 628 1018 sagittariis
643 935 807 997 nobiscum
822 933 1016 996 exercitnare
1031 937 1185 993 teneatur.

239 1051 295 1126 (2)
317 1047 498 1112 Exemimus
520 1048 620 1110 eciam
643 1067 697 1108 eos
720 1047 759 1108 ab
781 1045 920 1108 omnium
941 1043 1077 1106 iudicum
1092 1041 1185 1104 iuris-

153 1161 307 1234 dictione,
328 1159 487 1237 iudicandi
509 1158 655 1223 facultate
676 1157 767 1220 nobis
788 1165 906 1220 tantum
922 1173 958 1216 ac
972 1155 1121 1236 magistro
1136 1159 1183 1216 ta-

153 1274 357 1336 uernicarum
373 1277 550 1332 nostrornm
567 1290 623 1352 pro
634 1278 776 1352 tempore
791 1267 967 1330 constituto.
988 1266 1049 1327 hoc
1064 1265 1185 1346 specia-

153 1387 227 1450 liter
244 1385 412 1457 declarat0‚
434 1391 468 1444 ut
482 1403 705 1466 quemcunque
720 1381 890 1454 noluerint,
909 1379 1112 1450 maiorumac
1127 1375 1184 1437 mi-

154 1517 268 1558 norum
290 1513 446 1558 consensu
469 1495 587 1576 pariter
602 1494 828 1576 concordante,
849 1492 1001 1556 maiorem
1021 1488 1095 1552 uille
1110 1508 1185 1551 con·

153 1607 306 1671 stitueudi
320 1606 452 1670 liberam
466 1605 604 1678 habeant
618 1605 807 1669 iacrdtatem.

237 1719 296 1794 (3)
320 1718 381 1794 Qui
395 1718 427 1780 in
441 1716 516 1780 uilla
531 1736 640 1778 eorum
655 1717 686 1778 in
702 1715 799 1790 furto,
817 1713 993 1790 latrocinio,
1013 1711 1182 1777 homicidio

153 1851 210 1894 seu
226 1831 339 1913 quouis
353 1829 482 1892 crimine
497 1827 712 1890 malefactorio
727 1846 763 1889 ac
778 1825 913 1910 maligno
928 1826 1119 1908 deprehensi
1131 1827 1185 1890 uel

154 1941 293 2017 accusati
313 1939 442 2014 tuerint,
464 1958 519 2002 cos
541 1937 658 2016 iudicet
678 1947 710 2002 et
731 1939 920 2003 condemnat
940 1938 1027 2002 iuxta
1045 1937 1183 2002 criminis

154 2053 371 2136 quantitatem.

237 2163 294 2240 (i)
316 2163 466 2226 Pretcrea
486 2171 612 2245 portum
634 2163 673 2225 ab
689 2161 773 2224 omni
796 2162 958 2224 exactione
981 2179 1037 2224 seu
1055 2159 1183 2221 infesta-

154 2277 245 2338 cionc
267 2275 375 2345 tributi
395 2273 532 2336 liberum
554 2293 649 2356 supra
663 2280 828 2356 prenotato
847 2271 945 2334 tluuio
966 2270 1086 2334 eisdem
1108 2289 1183 2331 con-

153 2387 320 2460 cessimus,
348 2387 439 2448 itaut
453 2406 512 2448 uec
528 2406 634 2448 comes
650 2386 742 2449 castri
758 2385 797 2448 de
812 2365 980 2458 Zatthnrar,
1001 2402 1061 2446 nec
1077 2401 1183 2444 comes

154 2519 279 2562 camere
300 2507 407 2560 nostm
429 2517 489 2560 nec
512 2497 591 2586 alius
612 2491 768 2580 quispiam
791 2516 887 2578 super
906 2494 1058 2557 iamdicti
1078 2492 1183 2576 pontis

153 2609 271 2672 tributo
286 2609 371 2691 ipsos
387 2609 486 2690 possit
501 2616 553 2670 aut
567 2609 682 2670 debeat
695 2608 892 2691 aliquatenus
907 2606 1086 2670 molestare.

239 2722 295 2796 (5)
318 2719 537 2782 Concessimus
558 2719 659 2782 eciam
675 2719 794 2781 eisdem
816 2727 850 2782 ut
865 2715 1112 2780 decimatoribus
1125 2733 1183 2797 pro

155 2841 300 2915 tempore
314 2831 488 2894 constitutis
504 2817 562 2914 pro
578 2829 707 2913 capccia
722 2830 889 2892 duodecim
906 2829 1053 2892 denarios
1068 2827 1189 2909 usualis,

155 2951 284 3007 monete
299 2944 423 3006 soluere
439 2951 613 3006 teneantur.

230 3057 299 3132 ’(6)
319 3057 397 3120 lte'm
412 3055 608 3119 sacerdotem
619 3071 840 3136 quemcunque
854 3050 1013 3123 noluerint
1026 3049 1060 3116 in
1074 3071 1184 3114 eorum

157 3167 295 3232 ecclesia
314 3168 435 3249 possint
454 3183 662 3238 conseruare,
684 3165 723 3227 ab
745 3165 829 3232 omni
849 3163 1065 3228 iurisdictione
1083 3171 1114 3227 et
1128 3183 1185 3244 po-

66 3285 67 3289 ’
156 3285 269 3343 testate
292 3275 503 3340 archidiaconi
525 3276 565 3338 de
579 3275 703 3350 Saevar,
726 3293 797 3338 cum
813 3282 923 3357 quarta
944 3283 1032 3357 parte
1048 3273 1185 3337 decima-

155 3411 228 3452 rum
249 3390 283 3452 in
303 3385 378 3462 uilla
397 3388 536 3468 ipsorum
558 3387 786 3470 contingente„
806 3388 931 3468 penitus
951 3387 1096 3451 duximus
1118 3387 1185 3449 exi-

157 3501 318 3564 mendum.
346 3508 377 3562 et
397 3501 437 3562 ad
456 3501 606 3565 maiorem
627 3505 741 3570 statute
759 3499 910 3570 libertatis
924 3497 1065 3580 ipsorum
1080 3507 1186 3562 caute-

156 3613 236 3686 lam,
258 3631 421 3676 assensum
444 3619 475 3674 et
498 3611 686 3682 consensum
700 3609 871 3682 Rciuoldps
891 3610 1082 3674 uenerabilis
1097 3618 1186 3691 pater

157 3725 325 3805 episcopus
337 3722 559 3785 Transiluanus
576 3723 698 3804 prebuit
712 3719 827 3793 nostris
842 3721 993 3784 ordinatis
1008 3727 1040 3784 et
1052 3719 1186 3796 statutis,

155 3841 188 3896 ct
202 3853 261 3896 nos
276 3833 308 3894 in
322 3833 569 3897 retribucioncm
582 3831 704 3913 prefate
720 3831 933 3895 concessionis
949 3832 1098 3914 episcopo
1112 3851 1186 3914 pre·

156 3946 240 4010 dicto
254 3945 288 4012 in
301 3945 423 4028 pociori
438 3945 612 4014 donacione
631 3964 759 4015 manum
778 3943 977 4026 porreximus
991 3945 1079 4027 regie
1092 3943 1186 4027 largi·

151 4057 236 4122 tatis.
485 4033 488 4041 ³

240 4171 296 4245 (7)
324 4167 412 4235 Istud
436 4168 534 4242 eciam
558 4188 622 4232 non
647 4175 695 4232 est
716 4167 849 4234 silencio
873 4165 1184 4250 pretermittendum,

153 4279 242 4364 quod
258 4279 356 4354 ‚nohis
379 4279 420 4350 ad
437 4279 555 4348 iubam
568 4299 679 4348 corum
693 4281 940 4355 *accedentibus
961 4276 1128 4362 prandium
1153 4281 1184 4341 et
