2924 4758
399 396 535 448 sueonos
555 395 784 446 srareormrsrs
804 397 907 447 error.
1104 377 1166 456 355
1242 448 1245 452 ,

217 553 300 632 (tt)
322 553 426 618 nullus
441 551 629 617 festiuitates
644 552 785 615 uendere
802 556 969 633 presumat.

146 707 150 718 ι
218 665 297 741 (ts)
319 671 355 726 ut
373 663 525 725 iudicium
545 662 622 726 ferri
635 663 669 724 in
684 662 924 746 quadragesima
945 659 1026 724 sicut
1044 660 1077 724 in
1098 660 1167 726 aliis

130 776 258 849 dicbus
279 780 414 855 excepta
426 793 524 839 causa
540 774 700 838 effusionis
715 773 876 856 sauguinis
892 773 992 838 detur.

217 893 252 948 ut
267 885 321 966 qui
335 884 456 948 ferrum
471 883 584 965 accipit
598 884 631 946 in
646 884 810 970 designato
825 884 896 950 loco
910 892 1016 968 ponat.

218 997 299 1074 (to)
322 995 419 1062 nichil
439 996 564 1080 legatur
584 1015 688 1079 neque
711 1003 855 1060 cantetur
876 995 910 1058 in
931 995 1080 1072 ecclesia,
1107 996 1168 1060 nisi

131 1110 222 1194 quod
235 1106 332 1171 fuerit
349 1107 382 1168 in
397 1107 519 1189 synodo
534 1107 755 1172 collaudatum.

219 1220 301 1296 (bl)
323 1219 351 1284 si
365 1218 434 1302 quis
449 1219 606 1301 presbiter
620 1219 652 1282 in
667 1219 813 1282 conuiuio
827 1219 878 1282 uel
894 1219 1036 1282 kalendis
1053 1238 1169 1302 eogen-

131 1339 181 1399 tes
197 1333 238 1394 ad
253 1337 365 1413 potum
380 1327 513 1404 uiderit,
534 1337 645 1412 arguat
660 1350 725 1404 eos,
747 1331 819 1394 etsi
834 1350 907 1394 eum
923 1350 989 1394 non
1003 1329 1168 1406 audierint,

131 1443 205 1530 ipse
221 1450 313 1506 exeat
327 1451 359 1506 et
372 1441 593 1510 archidiacono
609 1462 663 1505 eos
679 1450 813 1508 accuset
843 1443 929 1526 quod
947 1443 974 1506 si
992 1443 1060 1526 ipse
1079 1461 1169 1524 pres·

131 1555 219 1622 biter
238 1575 303 1618 non
321 1554 448 1628 exierit,
470 1555 509 1616 ab
525 1552 631 1617 officio
652 1555 862 1634 suspendatur
877 1561 909 1616 et
922 1553 978 1616 XL
994 1554 1061 1618 dies
1079 1554 1169 1636 peni·

132 1675 210 1732 teat.
233 1667 259 1729 si
274 1665 429 1749 presbiter
444 1666 584 1748 coegerit
600 1665 651 1728 ael
667 1673 792 1729 coactus
808 1665 904 1728 fuerit
916 1655 1099 1740 inebriatus,
1114 1666 1170 1728 de·

133 1787 285 1862 ponatur.

220 1891 301 1968 (l8)
323 1890 349 1955 si
364 1891 433 1976 quis
452 1889 661 1972 presbiterum
672 1889 862 1954 inebriatum
883 1890 1053 1965 inuenerit,
1074 1911 1169 1956 unam

133 2023 285 2087 pensam,
307 2003 359 2079 uel
373 2003 638 2077 archidiaconum,
653 2009 717 2084 tres
732 2023 848 2086 pensas
864 2005 903 2069 ab
919 2025 958 2068 eo
972 2003 1115 2086 accipiat.
1137 2011 1169 2068 et

134 2117 162 2178 si
177 2115 263 2178 idem
278 2113 435 2196 presbiter
450 2114 589 2178 secundo
604 2112 775 2192 inebriatus
790 2115 938 2178 inuentus
953 2115 1057 2190 luerit,
1072 2117 1171 2197 depo·

135 2236 242 2292 natur.
579 2271 625 2325 4

221 2340 333 2424 siquis
354 2341 393 2404 de
415 2325 634 2429 nobilibus'bd
654 2347 765 2423 potum
789 2339 945 2422 coegerit,
973 2339 1027 2402 uel
1044 2345 1170 2402 coactus

135 2452 235 2518 fuerit
254 2451 447 2527 inebriatus,
468 2453 524 2514 XL
540 2453 607 2516 dies
622 2453 772 2536 peniteat.
800 2453 827 2516 si
848 2471 925 2516 uero
940 2451 973 2514 in
987 2451 1049 2516 hoo
1063 2470 1171 2534 perse-

135 2564 314 2638 uerauerit‚
337 2565 636 2628 excommunicetur.

222 2676 300 2752 (ἱι9)
322 2675 464 2760 episcopi
483 2676 517 2740 in
537 2695 728 2760 unaquaque
752 2674 876 2742 ciuitate
897 2677 974 2740 duas
998 2677 1109 2743 domos
1130 2674 1171 2738 ud

137 2789 334 2854 coercendos
348 2789 526 2870 penitentes
540 2789 666 2851 faciant.

221 2902 303 2978 (50)
324 2901 351 2964 si
372 2899 443 2983 quis
465 2900 505 2966 de
524 2899 679 2964 maleficio
701 2908 864 2967 accusatus
886 2899 1050 2966 conuictus
1064 2898 1170 2973 fuerit,

137 3014 313 3076 secundum
326 3031 463 3075 canones
479 3013 629 3094 peniteat.
670 3075 671 3080 ,

224 3124 303 3198 (51)
324 3121 352 3186 si
374 3131 536 3198 aecusator
557 3123 642 3208 quod
663 3123 770 3188 iniecit
792 3114 925 3208 probare
947 3141 1013 3188 non
1035 3121 1169 3206 poterit,

139 3235 245 3300 eidem
260 3235 437 3318 penitencie
451 3233 622 3298 subiaceat.

225 3349 304 3424 (52)
319 3341 353 3409 'si
375 3366 436 3430 qua
456 3347 569 3412 mulier
591 3367 610 3410 a
630 3347 698 3410 uiro
713 3369 770 3412 suo
786 3348 919 3432 fugerit,
939 3347 1090 3414 reddatur
1104 3367 1171 3412 ma-

138 3460 202 3523 rito
226 3478 283 3521 suo
305 3457 405 3522 semel
427 3458 538 3522 ethis.
568 3458 668 3522 tercia
688 3461 758 3522 uice
781 3459 807 3522 si
828 3459 942 3524 nobilis
955 3467 1003 3523 est
1018 3459 1172 3524 adiciatur

139 3569 317 3654 penitencie
340 3570 407 3634 sine
429 3589 486 3654 spe
509 3569 660 3652 coniugii,
680 3569 708 3634 si
723 3571 762 3632 de
779 3570 873 3652 plebe
887 3571 1089 3636 uenundetur
1103 3571 1170 3634 sine

139 3703 198 3766 spo
212 3683 373 3760 libertatis.

224 3795 250 3858 si
267 3796 336 3878 quis
350 3815 481 3860 uxorem
495 3815 586 3860 suam
602 3795 776 3860 adulteram
797 3796 999 3878 probauerit,
1019 3795 1045 3860 si
1060 3795 1171 3872 uolue-

141 3903 182 3971 rit
204 3905 298 3969 ducat
318 3903 421 3970 aliam.
449 3904 502 3970 illa
521 3925 601 3970 uero
622 3906 649 3970 si
669 3905 784 3970 nobilis
806 3915 854 3972 est
874 3907 942 3972 sine
960 3929 1017 3990 spo
1033 3907 1172 3990 coniugii

141 4018 289 4100 peniteat.
311 4017 338 4079 si
351 4017 475 4099 plebeia
489 4019 557 4086 sine
571 4039 632 4106 spe,
642 4017 796 4084 libertatis
811 4021 1021 4084 uenuurletur.

224 4129 311 4220 quod
333 4129 360 4192 si
381 4131 514 4212 probare
536 4150 601 4193 non
620 4131 750 4214 poterit,
771 4131 857 4198 idem
878 4131 1028 4199 iudicium
1042 4131 1171 4199 maritus

141 4241 294 4342 paciatur,
316 4248 349 4310 et
360 4241 414 4308 illa
427 4241 454 4308 si
468 4242 622 4322 uoluerit,
641 4245 816 4311 maritetur.
