<?xml version="1.0" encoding="UTF-8"?>
<!DOCTYPE html PUBLIC "-//W3C//DTD XHTML 1.0 Transitional//EN"
    "http://www.w3.org/TR/xhtml1/DTD/xhtml1-transitional.dtd">
<html xmlns="http://www.w3.org/1999/xhtml" xml:lang="en" lang="en">
 <head>
  <title>
</title>
<meta http-equiv="Content-Type" content="text/html;charset=utf-8" />
  <meta name='ocr-system' content='tesseract 3.04.00' />
  <meta name='ocr-capabilities' content='ocr_page ocr_carea ocr_par ocr_line ocrx_word'/>
</head>
<body>
  <div class='ocr_page' id='page_1' title='image "./rerumhungaricar01endlgoog_0164.png"; bbox 0 0 2920 4758; ppageno 0'>
   <div class='ocr_carea' id='block_1_1' title="bbox 228 385 1252 454">
    <p class='ocr_par' dir='ltr' id='par_1_1' title="bbox 228 385 1252 454">
     <span class='ocr_line' id='line_1_1' title="bbox 228 385 1252 454; baseline -0.001 -1"><span class='ocrx_word' id='word_1_1' title='bbox 228 389 289 453; x_wconf 76' lang='lat' dir='ltr'><strong>tto</strong></span> <span class='ocrx_word' id='word_1_2' title='bbox 303 407 390 454; x_wconf 64' lang='lat' dir='ltr'><strong>cern</strong></span> <span class='ocrx_word' id='word_1_3' title='bbox 401 406 442 452; x_wconf 79' lang='lat' dir='ltr'><strong>rr.</strong></span> <span class='ocrx_word' id='word_1_4' title='bbox 453 405 543 452; x_wconf 81' lang='lat' dir='ltr'><strong>neers</strong></span> <span class='ocrx_word' id='word_1_5' title='bbox 554 405 703 452; x_wconf 74' lang='lat' dir='ltr'><strong>ereneus</strong></span> <span class='ocrx_word' id='word_1_6' title='bbox 714 403 870 450; x_wconf 80' lang='lat' dir='ltr'><strong>nosrrrnu</strong></span> <span class='ocrx_word' id='word_1_7' title='bbox 881 405 921 452; x_wconf 81' lang='lat' dir='ltr'><strong>ns</strong></span> <span class='ocrx_word' id='word_1_8' title='bbox 933 404 1152 450; x_wconf 72' lang='lat' dir='ltr'><strong>concernens.</strong></span> <span class='ocrx_word' id='word_1_9' title='bbox 1168 385 1252 452; x_wconf 63' lang='lat'><strong>123&amp;</strong></span> 
     </span>
    </p>
   </div>
   <div class='ocr_carea' id='block_1_2' title="bbox 227 553 1287 1209">
    <p class='ocr_par' dir='ltr' id='par_1_2' title="bbox 227 553 1253 848">
     <span class='ocr_line' id='line_1_2' title="bbox 227 553 1252 640; baseline -0.004 -18"><span class='ocrx_word' id='word_1_10' title='bbox 227 559 347 634; x_wconf 85' lang='lat' dir='ltr'><strong>chinni,</strong></span> <span class='ocrx_word' id='word_1_11' title='bbox 367 560 420 624; x_wconf 89' lang='lat' dir='ltr'><strong>uel</strong></span> <span class='ocrx_word' id='word_1_12' title='bbox 435 559 649 640; x_wconf 86' lang='lat' dir='ltr'><strong>cuiuscunque</strong></span> <span class='ocrx_word' id='word_1_13' title='bbox 668 557 796 621; x_wconf 77' lang='lat' dir='ltr'><strong>alterius</strong></span> <span class='ocrx_word' id='word_1_14' title='bbox 817 573 880 620; x_wconf 85' lang='lat' dir='ltr'><strong>non</strong></span> <span class='ocrx_word' id='word_1_15' title='bbox 898 555 1040 630; x_wconf 77' lang='lat' dir='ltr'><strong>incedat,</strong></span> <span class='ocrx_word' id='word_1_16' title='bbox 1061 553 1119 618; x_wconf 87' lang='lat' dir='ltr'><strong>sed</strong></span> <span class='ocrx_word' id='word_1_17' title='bbox 1134 555 1252 618; x_wconf 87' lang='lat' dir='ltr'><strong>uillicus</strong></span> 
     </span>
     <span class='ocr_line' id='line_1_3' title="bbox 227 667 1253 753; baseline -0.006 -17"><span class='ocrx_word' id='word_1_18' title='bbox 227 679 387 736; x_wconf 75' lang='lat' dir='ltr'><strong>monetam</strong></span> <span class='ocrx_word' id='word_1_19' title='bbox 409 671 528 753; x_wconf 77' lang='lat' dir='ltr'><strong>regiam</strong></span> <span class='ocrx_word' id='word_1_20' title='bbox 550 669 583 732; x_wconf 92' lang='lat' dir='ltr'><strong>in</strong></span> <span class='ocrx_word' id='word_1_21' title='bbox 605 669 715 732; x_wconf 86' lang='lat' dir='ltr'><strong>eedem</strong></span> <span class='ocrx_word' id='word_1_22' title='bbox 735 667 812 732; x_wconf 90' lang='lat' dir='ltr'><strong>uilla</strong></span> <span class='ocrx_word' id='word_1_23' title='bbox 833 676 998 751; x_wconf 87' lang='lat' dir='ltr'><strong>procuret,</strong></span> <span class='ocrx_word' id='word_1_24' title='bbox 1023 675 1056 731; x_wconf 86' lang='lat' dir='ltr'><strong>et</strong></span> <span class='ocrx_word' id='word_1_25' title='bbox 1074 668 1162 731; x_wconf 72' lang='lat' dir='ltr'><strong>iuxta</strong></span> <span class='ocrx_word' id='word_1_26' title='bbox 1180 668 1253 750; x_wconf 72' lang='lat' dir='ltr'><strong>legis</strong></span> 
     </span>
     <span class='ocr_line' id='line_1_4' title="bbox 228 781 814 848; baseline -0.005 -4"><span class='ocrx_word' id='word_1_27' title='bbox 228 783 489 848; x_wconf 77' lang='lat' dir='ltr'><strong>constitucionem</strong></span> <span class='ocrx_word' id='word_1_28' title='bbox 503 782 635 844; x_wconf 80' lang='lat' dir='ltr'><strong>celebris</strong></span> <span class='ocrx_word' id='word_1_29' title='bbox 648 781 814 843; x_wconf 85' lang='lat' dir='ltr'><strong>habeatur.</strong></span> 
     </span>
    </p>

    <p class='ocr_par' dir='ltr' id='par_1_3' title="bbox 228 889 1287 1209">
     <span class='ocr_line' id='line_1_5' title="bbox 311 889 1287 976; baseline -0.002 -20"><span class='ocrx_word' id='word_1_30' title='bbox 311 891 360 976; x_wconf 83' lang='grc'><strong>(8)</strong></span> <span class='ocrx_word' id='word_1_31' title='bbox 383 889 509 956; x_wconf 88' lang='lat' dir='ltr'><strong>Uillicus</strong></span> <span class='ocrx_word' id='word_1_32' title='bbox 524 891 623 956; x_wconf 86' lang='lat' dir='ltr'><strong>eciem</strong></span> <span class='ocrx_word' id='word_1_33' title='bbox 637 893 777 974; x_wconf 88' lang='lat' dir='ltr'><strong>ipsorum</strong></span> <span class='ocrx_word' id='word_1_34' title='bbox 794 910 855 954; x_wconf 91' lang='lat' dir='ltr'><strong>una</strong></span> <span class='ocrx_word' id='word_1_35' title='bbox 871 909 943 953; x_wconf 89' lang='lat' dir='ltr'><strong>eum</strong></span> <span class='ocrx_word' id='word_1_36' title='bbox 958 891 1126 954; x_wconf 84' lang='lat' dir='ltr'><strong>duodecim</strong></span> <span class='ocrx_word' id='word_1_37' title='bbox 1137 890 1176 956; x_wconf 90' lang='lat' dir='ltr'><strong>de</strong></span> <span class='ocrx_word' id='word_1_38' title='bbox 1192 910 1252 954; x_wconf 90' lang='lat' dir='ltr'><strong>me·</strong></span> <span class='ocrx_word' id='word_1_39' title='bbox 1281 920 1287 935; x_wconf 45' lang='lat' dir='ltr'><strong>s</strong></span> 
     </span>
     <span class='ocr_line' id='line_1_6' title="bbox 228 1001 1254 1084; baseline -0.005 -16"><span class='ocrx_word' id='word_1_40' title='bbox 228 1006 358 1070; x_wconf 87' lang='lat' dir='ltr'><strong>lioribus</strong></span> <span class='ocrx_word' id='word_1_41' title='bbox 380 1005 419 1068; x_wconf 91' lang='lat' dir='ltr'><strong>de</strong></span> <span class='ocrx_word' id='word_1_42' title='bbox 441 1003 515 1068; x_wconf 83' lang='lat' dir='ltr'><strong>uille</strong></span> <span class='ocrx_word' id='word_1_43' title='bbox 535 1005 576 1068; x_wconf 92' lang='lat' dir='ltr'><strong>ad</strong></span> <span class='ocrx_word' id='word_1_44' title='bbox 591 1003 802 1067; x_wconf 81' lang='lat' dir='ltr'><strong>exhibendam</strong></span> <span class='ocrx_word' id='word_1_45' title='bbox 815 1002 970 1066; x_wconf 84' lang='lat' dir='ltr'><strong>iusticiam</strong></span> <span class='ocrx_word' id='word_1_46' title='bbox 986 1001 1143 1084; x_wconf 84' lang='lat' dir='ltr'><strong>deputetis</strong></span> <span class='ocrx_word' id='word_1_47' title='bbox 1157 1002 1254 1064; x_wconf 88' lang='lat' dir='ltr'><strong>homi-</strong></span> 
     </span>
     <span class='ocr_line' id='line_1_7' title="bbox 229 1112 1252 1209; baseline -0.006 -29"><span class='ocrx_word' id='word_1_48' title='bbox 229 1117 322 1184; x_wconf 89' lang='lat' dir='ltr'><strong>nibus</strong></span> <span class='ocrx_word' id='word_1_49' title='bbox 343 1117 485 1180; x_wconf 88' lang='lat' dir='ltr'><strong>eiusdem</strong></span> <span class='ocrx_word' id='word_1_50' title='bbox 509 1115 583 1180; x_wconf 89' lang='lat' dir='ltr'><strong>uille</strong></span> <span class='ocrx_word' id='word_1_51' title='bbox 605 1114 658 1178; x_wconf 91' lang='lat' dir='ltr'><strong>uel</strong></span> <span class='ocrx_word' id='word_1_52' title='bbox 682 1117 721 1178; x_wconf 90' lang='lat' dir='ltr'><strong>de</strong></span> <span class='ocrx_word' id='word_1_53' title='bbox 747 1115 832 1190; x_wconf 87' lang='lat' dir='ltr'><strong>aliis,</strong></span> <span class='ocrx_word' id='word_1_54' title='bbox 854 1134 912 1197; x_wconf 93' lang='lat' dir='ltr'><strong>pro</strong></span> <span class='ocrx_word' id='word_1_55' title='bbox 935 1112 1063 1178; x_wconf 89' lang='lat' dir='ltr'><strong>crimine</strong></span> <span class='ocrx_word' id='word_1_56' title='bbox 1091 1114 1124 1209; x_wconf 71' lang='lat' dir='ltr'><strong>in</strong></span> <span class='ocrx_word' id='word_1_57' title='bbox 1147 1115 1252 1177; x_wconf 87' lang='lat' dir='ltr'><strong>eodem</strong></span> 
     </span>
    </p>
   </div>
   <div class='ocr_carea' id='block_1_3' title="bbox 230 1227 1272 4306">
    <p class='ocr_par' dir='ltr' id='par_1_4' title="bbox 230 1227 1252 1535">
     <span class='ocr_line' id='line_1_8' title="bbox 231 1227 1252 1310; baseline -0.006 -16"><span class='ocrx_word' id='word_1_58' title='bbox 231 1229 409 1304; x_wconf 87' lang='lat' dir='ltr'><strong>commisso,</strong></span> <span class='ocrx_word' id='word_1_59' title='bbox 438 1228 681 1310; x_wconf 89' lang='lat' dir='ltr'><strong>decapitacionis</strong></span> <span class='ocrx_word' id='word_1_60' title='bbox 705 1227 758 1291; x_wconf 90' lang='lat' dir='ltr'><strong>uel</strong></span> <span class='ocrx_word' id='word_1_61' title='bbox 782 1227 874 1290; x_wconf 84' lang='lat' dir='ltr'><strong>aliem</strong></span> <span class='ocrx_word' id='word_1_62' title='bbox 899 1245 1120 1310; x_wconf 84' lang='lat' dir='ltr'><strong>quemcunque</strong></span> <span class='ocrx_word' id='word_1_63' title='bbox 1145 1246 1252 1309; x_wconf 81' lang='lat' dir='ltr'><strong>penam</strong></span> 
     </span>
     <span class='ocr_line' id='line_1_9' title="bbox 231 1339 1252 1424; baseline -0.004 -19"><span class='ocrx_word' id='word_1_64' title='bbox 231 1341 392 1424; x_wconf 74' lang='lat' dir='ltr'><strong>infligendi</strong></span> <span class='ocrx_word' id='word_1_65' title='bbox 412 1341 527 1406; x_wconf 81' lang='lat' dir='ltr'><strong>hebeat</strong></span> <span class='ocrx_word' id='word_1_66' title='bbox 547 1347 751 1423; x_wconf 89' lang='lat' dir='ltr'><strong>potestatem,</strong></span> <span class='ocrx_word' id='word_1_67' title='bbox 772 1340 832 1403; x_wconf 90' lang='lat' dir='ltr'><strong>nisi</strong></span> <span class='ocrx_word' id='word_1_68' title='bbox 852 1339 964 1403; x_wconf 88' lang='lat' dir='ltr'><strong>nobilis</strong></span> <span class='ocrx_word' id='word_1_69' title='bbox 980 1339 1148 1415; x_wconf 86' lang='lat' dir='ltr'><strong>exstiterit,</strong></span> <span class='ocrx_word' id='word_1_70' title='bbox 1171 1339 1252 1402; x_wconf 91' lang='lat' dir='ltr'><strong>cuius</strong></span> 
     </span>
     <span class='ocr_line' id='line_1_10' title="bbox 230 1452 953 1535; baseline -0.007 -17"><span class='ocrx_word' id='word_1_71' title='bbox 230 1453 379 1519; x_wconf 88' lang='lat' dir='ltr'><strong>indicium</strong></span> <span class='ocrx_word' id='word_1_72' title='bbox 393 1452 548 1516; x_wconf 82' lang='lat' dir='ltr'><strong>maiestati</strong></span> <span class='ocrx_word' id='word_1_73' title='bbox 564 1452 651 1535; x_wconf 78' lang='lat' dir='ltr'><strong>regie</strong></span> <span class='ocrx_word' id='word_1_74' title='bbox 665 1459 854 1514; x_wconf 90' lang='lat' dir='ltr'><strong>reseruetur.</strong></span> <span class='ocrx_word' id='word_1_75' title='bbox 951 1463 953 1468; x_wconf 84' lang='lat'>&#39;</span> 
     </span>
    </p>

    <p class='ocr_par' dir='ltr' id='par_1_5' title="bbox 230 1563 1272 2408">
     <span class='ocr_line' id='line_1_11' title="bbox 314 1563 1252 1648; baseline -0.006 -18"><span class='ocrx_word' id='word_1_76' title='bbox 314 1564 360 1648; x_wconf 82' lang='grc'><strong>(9)</strong></span> <span class='ocrx_word' id='word_1_77' title='bbox 380 1567 416 1628; x_wconf 90' lang='lat' dir='ltr'><strong>lu</strong></span> <span class='ocrx_word' id='word_1_78' title='bbox 435 1565 633 1629; x_wconf 83' lang='lat' dir='ltr'><strong>institucione</strong></span> <span class='ocrx_word' id='word_1_79' title='bbox 657 1584 735 1628; x_wconf 90' lang='lat' dir='ltr'><strong>uero</strong></span> <span class='ocrx_word' id='word_1_80' title='bbox 758 1608 908 1628; x_wconf 91' lang='grc'><strong>.......</strong></span> <span class='ocrx_word' id='word_1_81' title='bbox 931 1565 1017 1648; x_wconf 87' lang='lat' dir='ltr'><strong>quod</strong></span> <span class='ocrx_word' id='word_1_82' title='bbox 1039 1563 1084 1626; x_wconf 88' lang='lat' dir='ltr'><strong>eis</strong></span> <span class='ocrx_word' id='word_1_83' title='bbox 1104 1563 1153 1626; x_wconf 92' lang='lat' dir='ltr'><strong>ius</strong></span> <span class='ocrx_word' id='word_1_84' title='bbox 1174 1583 1252 1626; x_wconf 90' lang='lat' dir='ltr'><strong>cnm-</strong></span> 
     </span>
     <span class='ocr_line' id='line_1_12' title="bbox 231 1673 1254 1758; baseline -0.002 -20"><span class='ocrx_word' id='word_1_85' title='bbox 231 1695 327 1740; x_wconf 91' lang='lat' dir='ltr'><strong>mune</strong></span> <span class='ocrx_word' id='word_1_86' title='bbox 347 1685 563 1750; x_wconf 81' lang='lat' dir='ltr'><strong>conseruntur,</strong></span> <span class='ocrx_word' id='word_1_87' title='bbox 584 1675 732 1738; x_wconf 86' lang='lat' dir='ltr'><strong>uidelicet</strong></span> <span class='ocrx_word' id='word_1_88' title='bbox 754 1684 789 1739; x_wconf 90' lang='lat' dir='ltr'><strong>ut</strong></span> <span class='ocrx_word' id='word_1_89' title='bbox 809 1675 869 1758; x_wconf 93' lang='lat' dir='ltr'><strong>ipsi</strong></span> <span class='ocrx_word' id='word_1_90' title='bbox 891 1675 1022 1739; x_wconf 87' lang='lat' dir='ltr'><strong>liberam</strong></span> <span class='ocrx_word' id='word_1_91' title='bbox 1037 1674 1175 1756; x_wconf 85' lang='lat' dir='ltr'><strong>eligendi</strong></span> <span class='ocrx_word' id='word_1_92' title='bbox 1195 1673 1254 1756; x_wconf 91' lang='lat' dir='ltr'><strong>ple-</strong></span> 
     </span>
     <span class='ocr_line' id='line_1_13' title="bbox 231 1784 1254 1870; baseline -0.006 -19"><span class='ocrx_word' id='word_1_93' title='bbox 231 1790 350 1852; x_wconf 91' lang='lat' dir='ltr'><strong>banum</strong></span> <span class='ocrx_word' id='word_1_94' title='bbox 373 1788 510 1850; x_wconf 78' lang='lat' dir='ltr'><strong>habeant</strong></span> <span class='ocrx_word' id='word_1_95' title='bbox 532 1786 728 1862; x_wconf 85' lang='lat' dir='ltr'><strong>facultatem,</strong></span> <span class='ocrx_word' id='word_1_96' title='bbox 757 1807 852 1870; x_wconf 90' lang='lat' dir='ltr'><strong>quem</strong></span> <span class='ocrx_word' id='word_1_97' title='bbox 878 1784 1114 1868; x_wconf 82' lang='lat' dir='ltr'><strong>archiepiscopo</strong></span> <span class='ocrx_word' id='word_1_98' title='bbox 1143 1785 1254 1866; x_wconf 84' lang='lat' dir='ltr'><strong>Strign·</strong></span> 
     </span>
     <span class='ocr_line' id='line_1_14' title="bbox 231 1879 1272 1980; baseline -0.009 -18"><span class='ocrx_word' id='word_1_99' title='bbox 231 1899 334 1962; x_wconf 86' lang='lat' dir='ltr'><strong>nicusi</strong></span> <span class='ocrx_word' id='word_1_100' title='bbox 348 1879 581 1980; x_wconf 83' lang='lat' dir='ltr'><strong>representent,</strong></span> <span class='ocrx_word' id='word_1_101' title='bbox 596 1897 622 1960; x_wconf 87' lang='lat' dir='ltr'><strong>si</strong></span> <span class='ocrx_word' id='word_1_102' title='bbox 637 1897 771 1960; x_wconf 87' lang='lat' dir='ltr'><strong>idoneus</strong></span> <span class='ocrx_word' id='word_1_103' title='bbox 785 1897 879 1961; x_wconf 88' lang='lat' dir='ltr'><strong>suerit</strong></span> <span class='ocrx_word' id='word_1_104' title='bbox 893 1896 1157 1968; x_wconf 82' lang='lat' dir='ltr'><strong>confirmandum,</strong></span> <span class='ocrx_word' id='word_1_105' title='bbox 1171 1895 1254 1957; x_wconf 88' lang='lat' dir='ltr'><strong>saluo</strong></span> <span class='ocrx_word' id='word_1_106' title='bbox 1270 1974 1272 1977; x_wconf 16' lang='grc' dir='ltr'>Ι</span> 
     </span>
     <span class='ocr_line' id='line_1_15' title="bbox 231 2007 1255 2091; baseline -0.005 -19"><span class='ocrx_word' id='word_1_107' title='bbox 231 2010 265 2072; x_wconf 91' lang='lat' dir='ltr'><strong>in</strong></span> <span class='ocrx_word' id='word_1_108' title='bbox 291 2009 435 2072; x_wconf 90' lang='lat' dir='ltr'><strong>omnibus</strong></span> <span class='ocrx_word' id='word_1_109' title='bbox 460 2009 528 2072; x_wconf 91' lang='lat' dir='ltr'><strong>iure</strong></span> <span class='ocrx_word' id='word_1_110' title='bbox 549 2008 772 2091; x_wconf 77' lang='lat' dir='ltr'><strong>Strigoniensis</strong></span> <span class='ocrx_word' id='word_1_111' title='bbox 798 2008 931 2072; x_wconf 87' lang='lat' dir='ltr'><strong>ecclesie</strong></span> <span class='ocrx_word' id='word_1_112' title='bbox 956 2027 1052 2088; x_wconf 90' lang='lat' dir='ltr'><strong>super</strong></span> <span class='ocrx_word' id='word_1_113' title='bbox 1075 2007 1255 2078; x_wconf 78' lang='lat' dir='ltr'><strong>redditibus,</strong></span> 
     </span>
     <span class='ocr_line' id='line_1_16' title="bbox 232 2118 1255 2206; baseline -0.007 -21"><span class='ocrx_word' id='word_1_114' title='bbox 232 2143 311 2206; x_wconf 87' lang='lat' dir='ltr'><strong>quos</strong></span> <span class='ocrx_word' id='word_1_115' title='bbox 326 2123 365 2186; x_wconf 93' lang='lat' dir='ltr'><strong>de</strong></span> <span class='ocrx_word' id='word_1_116' title='bbox 381 2123 492 2186; x_wconf 86' lang='lat' dir='ltr'><strong>eadem</strong></span> <span class='ocrx_word' id='word_1_117' title='bbox 508 2121 642 2186; x_wconf 85' lang='lat' dir='ltr'><strong>ecclesia</strong></span> <span class='ocrx_word' id='word_1_118' title='bbox 656 2120 820 2203; x_wconf 83' lang='lat' dir='ltr'><strong>percipere</strong></span> <span class='ocrx_word' id='word_1_119' title='bbox 835 2119 1009 2184; x_wconf 82' lang='lat' dir='ltr'><strong>consueuit</strong></span> <span class='ocrx_word' id='word_1_120' title='bbox 1030 2118 1170 2182; x_wconf 84' lang='lat' dir='ltr'><strong>decimas</strong></span> <span class='ocrx_word' id='word_1_121' title='bbox 1183 2134 1255 2180; x_wconf 91' lang='lat' dir='ltr'><strong>uero</strong></span> 
     </span>
     <span class='ocr_line' id='line_1_17' title="bbox 230 2230 1257 2315; baseline -0.005 -19"><span class='ocrx_word' id='word_1_122' title='bbox 230 2255 320 2297; x_wconf 88' lang='lat' dir='ltr'><strong>more</strong></span> <span class='ocrx_word' id='word_1_123' title='bbox 337 2233 580 2296; x_wconf 87' lang='lat' dir='ltr'><strong>Teutonicorum</strong></span> <span class='ocrx_word' id='word_1_124' title='bbox 604 2233 634 2294; x_wconf 89' lang='lat' dir='ltr'><strong>in</strong></span> <span class='ocrx_word' id='word_1_125' title='bbox 658 2231 792 2313; x_wconf 78' lang='lat' dir='ltr'><strong>capeciis</strong></span> <span class='ocrx_word' id='word_1_126' title='bbox 811 2232 1012 2315; x_wconf 87' lang='lat' dir='ltr'><strong>persoluant,</strong></span> <span class='ocrx_word' id='word_1_127' title='bbox 1040 2237 1133 2312; x_wconf 89' lang='lat' dir='ltr'><strong>prout</strong></span> <span class='ocrx_word' id='word_1_128' title='bbox 1153 2230 1257 2293; x_wconf 81' lang='lat' dir='ltr'><strong>hacte-</strong></span> 
     </span>
     <span class='ocr_line' id='line_1_18' title="bbox 231 2345 613 2408; baseline -0.01 0"><span class='ocrx_word' id='word_1_129' title='bbox 231 2367 290 2408; x_wconf 89' lang='lat' dir='ltr'><strong>uus</strong></span> <span class='ocrx_word' id='word_1_130' title='bbox 305 2367 364 2408; x_wconf 92' lang='lat' dir='ltr'><strong>usu</strong></span> <span class='ocrx_word' id='word_1_131' title='bbox 379 2353 427 2408; x_wconf 91' lang='lat' dir='ltr'><strong>est</strong></span> <span class='ocrx_word' id='word_1_132' title='bbox 442 2345 613 2407; x_wconf 90' lang='lat' dir='ltr'><strong>obtentum.</strong></span> 
     </span>
    </p>

    <p class='ocr_par' dir='ltr' id='par_1_6' title="bbox 232 2441 1260 2872">
     <span class='ocr_line' id='line_1_19' title="bbox 315 2441 1257 2537; baseline -0.004 -19"><span class='ocrx_word' id='word_1_133' title='bbox 315 2453 382 2537; x_wconf 87' lang='grc'>(10)</span> <span class='ocrx_word' id='word_1_134' title='bbox 404 2457 517 2517; x_wconf 87' lang='lat' dir='ltr'><strong>Libere</strong></span> <span class='ocrx_word' id='word_1_135' title='bbox 542 2441 619 2518; x_wconf 86' lang='lat' dir='ltr'><strong>uero</strong></span> <span class='ocrx_word' id='word_1_136' title='bbox 646 2455 838 2518; x_wconf 88' lang='lat' dir='ltr'><strong>condicionis</strong></span> <span class='ocrx_word' id='word_1_137' title='bbox 862 2453 1023 2527; x_wconf 88' lang='lat' dir='ltr'><strong>homines,</strong></span> <span class='ocrx_word' id='word_1_138' title='bbox 1050 2453 1257 2536; x_wconf 85' lang='lat' dir='ltr'><strong>undecunque</strong></span> 
     </span>
     <span class='ocr_line' id='line_1_20' title="bbox 232 2565 1259 2646; baseline -0.003 -18"><span class='ocrx_word' id='word_1_139' title='bbox 232 2567 315 2629; x_wconf 89' lang='lat' dir='ltr'><strong>inter</strong></span> <span class='ocrx_word' id='word_1_140' title='bbox 330 2585 385 2628; x_wconf 90' lang='lat' dir='ltr'><strong>eos</strong></span> <span class='ocrx_word' id='word_1_141' title='bbox 400 2565 540 2629; x_wconf 87' lang='lat' dir='ltr'><strong>habitare</strong></span> <span class='ocrx_word' id='word_1_142' title='bbox 562 2565 705 2630; x_wconf 89' lang='lat' dir='ltr'><strong>uolentes</strong></span> <span class='ocrx_word' id='word_1_143' title='bbox 727 2566 837 2628; x_wconf 89' lang='lat' dir='ltr'><strong>uenire</strong></span> <span class='ocrx_word' id='word_1_144' title='bbox 860 2565 1034 2639; x_wconf 85' lang='lat' dir='ltr'><strong>noluerint,</strong></span> <span class='ocrx_word' id='word_1_145' title='bbox 1056 2565 1143 2638; x_wconf 88' lang='lat' dir='ltr'><strong>omni</strong></span> <span class='ocrx_word' id='word_1_146' title='bbox 1162 2567 1259 2646; x_wconf 90' lang='lat' dir='ltr'><strong>impe-</strong></span> 
     </span>
     <span class='ocr_line' id='line_1_21' title="bbox 234 2671 1260 2760; baseline -0.007 -18"><span class='ocrx_word' id='word_1_147' title='bbox 234 2676 372 2742; x_wconf 90' lang='lat' dir='ltr'><strong>dimento</strong></span> <span class='ocrx_word' id='word_1_148' title='bbox 388 2685 547 2752; x_wconf 89' lang='lat' dir='ltr'><strong>cessante,</strong></span> <span class='ocrx_word' id='word_1_149' title='bbox 568 2678 663 2740; x_wconf 78' lang='lat' dir='ltr'><strong>saluis</strong></span> <span class='ocrx_word' id='word_1_150' title='bbox 677 2678 773 2742; x_wconf 89' lang='lat' dir='ltr'><strong>rebus</strong></span> <span class='ocrx_word' id='word_1_151' title='bbox 789 2686 819 2740; x_wconf 87' lang='lat' dir='ltr'><strong>et</strong></span> <span class='ocrx_word' id='word_1_152' title='bbox 835 2678 980 2760; x_wconf 88' lang='lat' dir='ltr'><strong>personis</strong></span> <span class='ocrx_word' id='word_1_153' title='bbox 1000 2697 1034 2739; x_wconf 89' lang='lat' dir='ltr'><strong>se</strong></span> <span class='ocrx_word' id='word_1_154' title='bbox 1049 2671 1260 2740; x_wconf 85' lang='lat' dir='ltr'><strong>transferendi</strong></span> 
     </span>
     <span class='ocr_line' id='line_1_22' title="bbox 232 2785 652 2872; baseline -0.005 -18"><span class='ocrx_word' id='word_1_155' title='bbox 232 2789 370 2854; x_wconf 79' lang='lat' dir='ltr'><strong>habeant</strong></span> <span class='ocrx_word' id='word_1_156' title='bbox 384 2798 579 2872; x_wconf 88' lang='lat' dir='ltr'><strong>potestatem.</strong></span> <span class='ocrx_word' id='word_1_157' title='bbox 642 2785 652 2792; x_wconf 58' lang='grc'><strong>”</strong></span> 
     </span>
    </p>

    <p class='ocr_par' dir='ltr' id='par_1_7' title="bbox 232 2899 1262 3318">
     <span class='ocr_line' id='line_1_23' title="bbox 314 2899 1259 2983; baseline 0 -21"><span class='ocrx_word' id='word_1_158' title='bbox 314 2899 382 2983; x_wconf 93' lang='grc'>(11)</span> <span class='ocrx_word' id='word_1_159' title='bbox 405 2899 512 2964; x_wconf 89' lang='lat' dir='ltr'><strong>Nullus</strong></span> <span class='ocrx_word' id='word_1_160' title='bbox 527 2909 631 2964; x_wconf 83' lang='lat' dir='ltr'><strong>eutem</strong></span> <span class='ocrx_word' id='word_1_161' title='bbox 646 2921 770 2975; x_wconf 87' lang='lat' dir='ltr'><strong>comes,</strong></span> <span class='ocrx_word' id='word_1_162' title='bbox 790 2900 842 2963; x_wconf 92' lang='lat' dir='ltr'><strong>uel</strong></span> <span class='ocrx_word' id='word_1_163' title='bbox 858 2900 919 2964; x_wconf 87' lang='lat' dir='ltr'><strong>alio</strong></span> <span class='ocrx_word' id='word_1_164' title='bbox 935 2919 1125 2982; x_wconf 86' lang='lat' dir='ltr'><strong>quocunque</strong></span> <span class='ocrx_word' id='word_1_165' title='bbox 1140 2899 1259 2963; x_wconf 90' lang='lat' dir='ltr'><strong>honore</strong></span> 
     </span>
     <span class='ocr_line' id='line_1_24' title="bbox 234 3011 1262 3097; baseline 0.002 -22"><span class='ocrx_word' id='word_1_166' title='bbox 234 3011 384 3097; x_wconf 85' lang='lat' dir='ltr'><strong>preditus,</strong></span> <span class='ocrx_word' id='word_1_167' title='bbox 406 3014 451 3077; x_wconf 90' lang='lat' dir='ltr'><strong>eis</strong></span> <span class='ocrx_word' id='word_1_168' title='bbox 471 3012 577 3076; x_wconf 90' lang='lat' dir='ltr'><strong>inuitis</strong></span> <span class='ocrx_word' id='word_1_169' title='bbox 599 3013 632 3074; x_wconf 92' lang='lat' dir='ltr'><strong>in</strong></span> <span class='ocrx_word' id='word_1_170' title='bbox 653 3013 795 3094; x_wconf 89' lang='lat' dir='ltr'><strong>ipsorum</strong></span> <span class='ocrx_word' id='word_1_171' title='bbox 814 3011 890 3077; x_wconf 81' lang='lat' dir='ltr'><strong>uilla</strong></span> <span class='ocrx_word' id='word_1_172' title='bbox 907 3012 1011 3076; x_wconf 83' lang='lat' dir='ltr'><strong>ualeat</strong></span> <span class='ocrx_word' id='word_1_173' title='bbox 1024 3011 1186 3094; x_wconf 90' lang='lat' dir='ltr'><strong>hospitari.</strong></span> <span class='ocrx_word' id='word_1_174' title='bbox 1207 3011 1262 3094; x_wconf 82' lang='lat' dir='ltr'><strong>qut</strong></span> 
     </span>
     <span class='ocr_line' id='line_1_25' title="bbox 233 3123 1261 3206; baseline -0.005 -17"><span class='ocrx_word' id='word_1_175' title='bbox 233 3134 338 3189; x_wconf 88' lang='lat' dir='ltr'><strong>autem</strong></span> <span class='ocrx_word' id='word_1_176' title='bbox 354 3170 459 3188; x_wconf 89' lang='grc'><strong>.....</strong></span> <span class='ocrx_word' id='word_1_177' title='bbox 482 3126 697 3188; x_wconf 84' lang='lat' dir='ltr'><strong>contradicent</strong></span> <span class='ocrx_word' id='word_1_178' title='bbox 710 3124 859 3206; x_wconf 80' lang='lat' dir='ltr'><strong>hospitati</strong></span> <span class='ocrx_word' id='word_1_179' title='bbox 879 3123 1011 3198; x_wconf 83' lang='lat' dir='ltr'><strong>fuerint,</strong></span> <span class='ocrx_word' id='word_1_180' title='bbox 1032 3125 1138 3188; x_wconf 85' lang='lat' dir='ltr'><strong>omnia</strong></span> <span class='ocrx_word' id='word_1_181' title='bbox 1152 3123 1261 3190; x_wconf 87' lang='lat' dir='ltr'><strong>merci-</strong></span> 
     </span>
     <span class='ocr_line' id='line_1_26' title="bbox 232 3219 912 3318; baseline -0.001 -19"><span class='ocrx_word' id='word_1_182' title='bbox 232 3219 338 3304; x_wconf 73' lang='lat' dir='ltr'><strong>monin</strong></span> <span class='ocrx_word' id='word_1_183' title='bbox 351 3237 433 3299; x_wconf 91' lang='lat' dir='ltr'><strong>iusto</strong></span> <span class='ocrx_word' id='word_1_184' title='bbox 446 3235 553 3318; x_wconf 85' lang='lat' dir='ltr'><strong>precio</strong></span> <span class='ocrx_word' id='word_1_185' title='bbox 569 3235 706 3298; x_wconf 83' lang='lat' dir='ltr'><strong>debeant</strong></span> <span class='ocrx_word' id='word_1_186' title='bbox 720 3253 912 3318; x_wconf 82' lang='lat' dir='ltr'><strong>comparere.</strong></span> 
     </span>
    </p>

    <p class='ocr_par' dir='ltr' id='par_1_8' title="bbox 232 3345 1261 3540">
     <span class='ocr_line' id='line_1_27' title="bbox 316 3345 1261 3432; baseline -0.002 -20"><span class='ocrx_word' id='word_1_187' title='bbox 316 3345 381 3432; x_wconf 77' lang='lat'>(12)</span> <span class='ocrx_word' id='word_1_188' title='bbox 403 3347 434 3410; x_wconf 90' lang='lat' dir='ltr'><strong>Si</strong></span> <span class='ocrx_word' id='word_1_189' title='bbox 450 3367 526 3410; x_wconf 87' lang='lat' dir='ltr'><strong>uero</strong></span> <span class='ocrx_word' id='word_1_190' title='bbox 541 3367 649 3429; x_wconf 75' lang='lat' dir='ltr'><strong>regem</strong></span> <span class='ocrx_word' id='word_1_191' title='bbox 669 3345 746 3416; x_wconf 60' lang='lat' dir='ltr'><strong>illuc,</strong></span> <span class='ocrx_word' id='word_1_192' title='bbox 757 3349 866 3410; x_wconf 89' lang='lat' dir='ltr'><strong>uenire</strong></span> <span class='ocrx_word' id='word_1_193' title='bbox 882 3347 1089 3430; x_wconf 86' lang='lat' dir='ltr'><strong>contingerit,</strong></span> <span class='ocrx_word' id='word_1_194' title='bbox 1107 3347 1261 3414; x_wconf 74' lang='lat' dir='ltr'><strong>iuxtate-</strong></span> 
     </span>
     <span class='ocr_line' id='line_1_28' title="bbox 232 3458 1148 3540; baseline 0 -18"><span class='ocrx_word' id='word_1_195' title='bbox 232 3458 354 3523; x_wconf 90' lang='lat' dir='ltr'><strong>cultatis</strong></span> <span class='ocrx_word' id='word_1_196' title='bbox 369 3459 497 3520; x_wconf 91' lang='lat' dir='ltr'><strong>modum</strong></span> <span class='ocrx_word' id='word_1_197' title='bbox 513 3458 541 3518; x_wconf 91' lang='lat' dir='ltr'><strong>ei</strong></span> <span class='ocrx_word' id='word_1_198' title='bbox 556 3466 698 3540; x_wconf 90' lang='lat' dir='ltr'><strong>sumptus</strong></span> <span class='ocrx_word' id='word_1_199' title='bbox 712 3459 1148 3523; x_wconf 67' lang='lat' dir='ltr'><strong>necessarios&#39;admiuistrent.</strong></span> 
     </span>
    </p>

    <p class='ocr_par' dir='ltr' id='par_1_9' title="bbox 232 3565 1262 3988">
     <span class='ocr_line' id='line_1_29' title="bbox 316 3565 1262 3652; baseline 0.002 -20"><span class='ocrx_word' id='word_1_200' title='bbox 316 3569 383 3652; x_wconf 88' lang='grc'>(13)</span> <span class='ocrx_word' id='word_1_201' title='bbox 408 3571 484 3631; x_wconf 89' lang='lat' dir='ltr'><strong>item</strong></span> <span class='ocrx_word' id='word_1_202' title='bbox 500 3568 604 3632; x_wconf 89' lang='lat' dir='ltr'><strong>nullus</strong></span> <span class='ocrx_word' id='word_1_203' title='bbox 625 3565 765 3652; x_wconf 91' lang='lat' dir='ltr'><strong>ipsorum</strong></span> <span class='ocrx_word' id='word_1_204' title='bbox 786 3571 977 3634; x_wconf 80' lang='lat' dir='ltr'><strong>hereditates</strong></span> <span class='ocrx_word' id='word_1_205' title='bbox 999 3571 1262 3652; x_wconf 85' lang='lat' dir='ltr'><strong>etpossessinnes</strong></span> 
     </span>
     <span class='ocr_line' id='line_1_30' title="bbox 233 3679 1262 3763; baseline -0.003 -17"><span class='ocrx_word' id='word_1_206' title='bbox 233 3693 304 3746; x_wconf 80' lang='lat' dir='ltr'><strong>suus</strong></span> <span class='ocrx_word' id='word_1_207' title='bbox 323 3679 511 3754; x_wconf 87' lang='lat' dir='ltr'><strong>immobiles,</strong></span> <span class='ocrx_word' id='word_1_208' title='bbox 533 3679 566 3742; x_wconf 92' lang='lat' dir='ltr'><strong>in</strong></span> <span class='ocrx_word' id='word_1_209' title='bbox 585 3679 726 3762; x_wconf 88' lang='lat' dir='ltr'><strong>ipsorum</strong></span> <span class='ocrx_word' id='word_1_210' title='bbox 747 3681 887 3746; x_wconf 88' lang='lat' dir='ltr'><strong>terminis</strong></span> <span class='ocrx_word' id='word_1_211' title='bbox 910 3679 1092 3745; x_wconf 86' lang='lat' dir='ltr'><strong>constitutas</strong></span> <span class='ocrx_word' id='word_1_212' title='bbox 1117 3682 1262 3763; x_wconf 83' lang='lat' dir='ltr'><strong>cuiquem</strong></span> 
     </span>
     <span class='ocr_line' id='line_1_31' title="bbox 232 3791 1261 3876; baseline 0 -20"><span class='ocrx_word' id='word_1_213' title='bbox 232 3793 373 3856; x_wconf 88' lang='lat' dir='ltr'><strong>uendere</strong></span> <span class='ocrx_word' id='word_1_214' title='bbox 395 3793 494 3874; x_wconf 87' lang='lat' dir='ltr'><strong>possit</strong></span> <span class='ocrx_word' id='word_1_215' title='bbox 516 3791 569 3856; x_wconf 90' lang='lat' dir='ltr'><strong>uel</strong></span> <span class='ocrx_word' id='word_1_216' title='bbox 591 3793 751 3868; x_wconf 80' lang='lat' dir='ltr'><strong>conterre,</strong></span> <span class='ocrx_word' id='word_1_217' title='bbox 778 3793 839 3856; x_wconf 82' lang='lat' dir='ltr'><strong>nisi</strong></span> <span class='ocrx_word' id='word_1_218' title='bbox 862 3793 891 3856; x_wconf 91' lang='lat' dir='ltr'><strong>ei</strong></span> <span class='ocrx_word' id='word_1_219' title='bbox 913 3793 967 3876; x_wconf 90' lang='lat' dir='ltr'><strong>qui</strong></span> <span class='ocrx_word' id='word_1_220' title='bbox 988 3792 1079 3859; x_wconf 90' lang='lat' dir='ltr'><strong>nobis</strong></span> <span class='ocrx_word' id='word_1_221' title='bbox 1100 3792 1261 3858; x_wconf 83' lang='lat' dir='ltr'><strong>consimile</strong></span> 
     </span>
     <span class='ocr_line' id='line_1_32' title="bbox 232 3902 1178 3988; baseline -0.002 -20"><span class='ocrx_word' id='word_1_222' title='bbox 232 3902 403 3968; x_wconf 86' lang='lat' dir='ltr'><strong>seruicium</strong></span> <span class='ocrx_word' id='word_1_223' title='bbox 418 3923 488 3966; x_wconf 88' lang='lat' dir='ltr'><strong>eum</strong></span> <span class='ocrx_word' id='word_1_224' title='bbox 502 3905 578 3984; x_wconf 89' lang='lat' dir='ltr'><strong>ipsis</strong></span> <span class='ocrx_word' id='word_1_225' title='bbox 594 3904 714 3968; x_wconf 87' lang='lat' dir='ltr'><strong>ciuibus</strong></span> <span class='ocrx_word' id='word_1_226' title='bbox 728 3903 826 3988; x_wconf 84' lang='lat' dir='ltr'><strong>ipsius</strong></span> <span class='ocrx_word' id='word_1_227' title='bbox 842 3903 916 3968; x_wconf 92' lang='lat' dir='ltr'><strong>uille</strong></span> <span class='ocrx_word' id='word_1_228' title='bbox 932 3905 1103 3968; x_wconf 86' lang='lat' dir='ltr'><strong>exhibebit.</strong></span> <span class='ocrx_word' id='word_1_229' title='bbox 1172 3955 1178 3958; x_wconf 68' lang='lat'><em>„</em></span> 
     </span>
    </p>

    <p class='ocr_par' dir='ltr' id='par_1_10' title="bbox 230 4013 1265 4306">
     <span class='ocr_line' id='line_1_33' title="bbox 316 4013 1265 4099; baseline 0 -19"><span class='ocrx_word' id='word_1_230' title='bbox 316 4013 383 4099; x_wconf 76' lang='lat' dir='ltr'><strong>(tu)</strong></span> <span class='ocrx_word' id='word_1_231' title='bbox 405 4017 483 4079; x_wconf 91' lang='lat' dir='ltr'><strong>ltem</strong></span> <span class='ocrx_word' id='word_1_232' title='bbox 499 4017 678 4099; x_wconf 90' lang='lat' dir='ltr'><strong>quicunque</strong></span> <span class='ocrx_word' id='word_1_233' title='bbox 701 4037 740 4080; x_wconf 84' lang='lat' dir='ltr'><strong>ex</strong></span> <span class='ocrx_word' id='word_1_234' title='bbox 753 4014 828 4098; x_wconf 89' lang='lat' dir='ltr'><strong>ipsis</strong></span> <span class='ocrx_word' id='word_1_235' title='bbox 843 4016 911 4080; x_wconf 90' lang='lat' dir='ltr'><strong>sine</strong></span> <span class='ocrx_word' id='word_1_236' title='bbox 924 4015 1043 4079; x_wconf 91' lang='lat' dir='ltr'><strong>herede</strong></span> <span class='ocrx_word' id='word_1_237' title='bbox 1059 4015 1265 4090; x_wconf 86' lang='lat' dir='ltr'><strong>decesserint,</strong></span> 
     </span>
     <span class='ocr_line' id='line_1_34' title="bbox 230 4127 1261 4214; baseline -0.005 -20"><span class='ocrx_word' id='word_1_238' title='bbox 230 4131 316 4194; x_wconf 91' lang='lat' dir='ltr'><strong>hona</strong></span> <span class='ocrx_word' id='word_1_239' title='bbox 329 4149 384 4192; x_wconf 86' lang='lat' dir='ltr'><strong>sua</strong></span> <span class='ocrx_word' id='word_1_240' title='bbox 399 4128 526 4193; x_wconf 87' lang='lat' dir='ltr'><strong>mobilia</strong></span> <span class='ocrx_word' id='word_1_241' title='bbox 541 4128 715 4214; x_wconf 85' lang='lat' dir='ltr'><strong>cuicunque</strong></span> <span class='ocrx_word' id='word_1_242' title='bbox 728 4129 885 4211; x_wconf 87' lang='lat' dir='ltr'><strong>noluerint</strong></span> <span class='ocrx_word' id='word_1_243' title='bbox 899 4127 1100 4204; x_wconf 83' lang='lat' dir='ltr'><strong>conserendi,</strong></span> <span class='ocrx_word' id='word_1_244' title='bbox 1121 4127 1261 4197; x_wconf 82' lang='lat' dir='ltr'><strong>habeant</strong></span> 
     </span>
     <span class='ocr_line' id='line_1_35' title="bbox 233 4241 422 4306; baseline 0 0"><span class='ocrx_word' id='word_1_245' title='bbox 233 4241 422 4306; x_wconf 76' lang='lat' dir='ltr'><strong>facultatem.</strong></span> 
     </span>
    </p>
   </div>
   <div class='ocr_carea' id='block_1_4' title="bbox 0 0 1469 4758">
    <p class='ocr_par' dir='ltr' id='par_1_11' title="bbox 0 0 1469 4758">
     <span class='ocr_line' id='line_1_36' title="bbox 0 0 1469 4758; baseline 0 0"><span class='ocrx_word' id='word_1_246' title='bbox 0 0 1469 4758; x_wconf 95' lang='lat' dir='ltr'><strong> </strong></span> 
     </span>
    </p>
   </div>
  </div>
 </body>
</html>
