2920 4758
462 1074 847 1166 nonomnnnr
884 1017 1080 1162 nanis

326 1261 639 1350 saumuro!
662 1261 743 1346 PRO
769 1259 935 1346 onnus
960 1257 1225 1344 minimis.

700 1436 840 1502 Mcvffl.

557 1605 580 1658 E
597 1603 678 1658 Lucio
697 1605 728 1656 (ic
746 1619 825 1669 regno
840 1601 985 1656 [tolmatio.

261 1943 264 1953 .
341 1886 431 1952 Anno
455 1884 610 1952 dominica
632 1881 863 1950 incarnacionis
886 1879 1024 1946 Mcvm.
1051 1901 1160 1946 mense
1175 1881 1213 1946 v·-
1234 1881 1288 1946 dio

258 1997 358 2065 XXV.
379 2018 462 2062 anno
476 1998 544 2060 xli.
565 1996 655 2079 regni
671 1997 742 2060 mei.

338 2111 407 2193 Ego
423 2109 631 2174 Colomannus
653 2129 711 2172 rex
730 2108 904 2190 Hungarie,
926 2106 1079 2170 Chroaoie
1102 2113 1197 2190 atque
1213 2105 1289 2169 Dal-

258 2243 359 2288 maore

339 2338 395 2412 (1)
419 2336 487 2398 iuro
502 2355 597 2418 super
612 2341 751 2398 sanctam
768 2351 893 2395 crucem
907 2333 998 2396 uobis
1011 2329 1193 2416 Tragurinis
1208 2330 1285 2394 meis

255 2447 402 2512 fidelibus
418 2447 539 2509 ciuibus
553 2446 674 2528 firmam
689 2465 838 2528 pacem¹
870 2515 873 2520 ¹
942 2517 945 2522 ,
982 2514 985 2520 ,

341 2561 398 2633 (2)
421 2557 499 2620 mihi
520 2566 553 2622 et
571 2557 635 2620 filio
658 2577 747 2632 meo,
769 2564 823 2620 aut
837 2557 1073 2620 successoribus
1096 2557 1174 2620 meis
1189 2557 1286 2620 tribu-

256 2669 328 2734 tarii
337 2690 383 2732 ne
398 2670 475 2738 sitis.

340 2781 397 2855 (3)
427 2779 610 2863 episcopum
635 2801 713 2842 uero
739 2787 792 2844 aut
818 2781 963 2844 comitem
972 2826 981 2856 ,
1012 2800 1106 2863 quem
1131 2779 1233 2843 clerus
1256 2785 1287 2843 et

199 2887 204 2895 “
256 2890 393 2973 populus
410 2889 556 2972 elegerit,
578 2891 740 2954 ordinabo.

339 3002 400 3078 (ln)
423 3011 454 3066 ct
467 3003 538 3086 lege
553 3003 723 3086 antiquitus
739 3003 907 3067 constituta
923 3023 980 3066 uos
997 3005 1040 3067 uti
1058 3004 1245 3086 permittam.

341 3115 400 3188 (5)
422 3121 624 3196 preterquam
643 3114 788 3178 introitus
809 3115 949 3176 ciuitatis'
962 3115 1004 3178 de
1027 3115 1185 3178 extraneis
1209 3115 1287 3176 duas

258 3233 363 3308 partes
377 3245 434 3288 rex
448 3225 578 3298 haheat,
603 3225 732 3288 terciam
747 3245 825 3288 uero
841 3245 947 3288 comes
962 3226 1104 3289 ciuitatis.
1132 3226 1287 3288 decimam

259 3338 558 3419 antemepiscopus.
1106 3413 1109 3420 Ι
1160 3411 1163 3418 Ι
1278 3405 1282 3412 ,

341 3448 399 3524 (6)
414 3449 453 3530 jn
475 3431 600 3508 cinitate
616 3465 743 3529 quoqne
765 3441 872 3510 nestra
892 3449 1051 3512 neminem
1067 3447 1288 3531 Hungarornm

221 3573 223 3578 ⁴
257 3559 311 3623 uel
325 3558 572 3640 alienigenarum
586 3556 727 3620 habitare
743 3560 937 3642 permittam,
957 3543 1018 3623 nisi
1032 3581 1127 3644 quem
1142 3559 1289 3623 uoluntas

258 3679 365 3734 uestra
380 3669 562 3750 expetierit.

341 3783 399 3856 (7)
424 3799 520 3862 quum
545 3779 586 3844 ad
608 3800 666 3843 uns
692 3785 906 3857 coronandus,
934 3791 989 3846 aut
1012 3785 1175 3847 uobiscum
1198 3773 1289 3866 regni

259 3890 392 3980 negocia
411 3897 601 3956 tractaturus
621 3893 792 3969 aduenere,
813 3895 932 3957 nemini
948 3896 997 3958 uis
1011 3895 1164 3960 inferatur
1178 3895 1290 3958 domo·

258 4022 487 4079 cumanorum,
507 4003 570 4068 nisi
583 4024 678 4086 quem
693 4005 821 4070 dilectio
834 4013 942 4070 nestra
955 4008 1123 4092 receperit.

342 4115 399 4190 (8)
421 4121 453 4178 at
475 4115 502 4178 si
526 4115 609 4186 forte
633 4115 802 4200 aliquando
826 4118 998 4182 dominium
1019 4139 1125 4183 meum
1150 4116 1288 4206 aliquem

259 4244 432 4312 aggrauare
444 4227 612 4307 uidebitur,
626 4236 658 4294 et
668 4229 745 4294 alias
759 4231 806 4295 ire
816 4229 969 4308 uoluerit,
982 4251 1093 4297 secure
1106 4251 1177 4296 cum
1187 4251 1287 4296 uxore
