2920 4758
267 331 328 400 tm
447 349 576 400 saman
598 349 631 396 n.
652 346 743 399 nasse
765 343 931 396 neumam
953 345 986 394 ιι.
1029 325 1118 399 12³2

265 508 399 582 staIdos,
421 505 590 570 citncioues
605 504 658 568 uel
676 504 854 569 testimonia
868 524 978 568 corum
993 523 1056 568 non
1072 507 1215 580 ualeant,
1236 506 1293 570 nisi

268 640 326 700 per
340 618 552 682 testimonium
569 616 728 680 diecesani
750 617 887 698 episcopi
909 617 959 680 uel
982 617 1118 699 capituli.
1139 617 1294 682 neciaisi-

266 729 376 794 ficatus
391 729 569 812 prestaldus
585 730 683 809 possit
701 749 735 792 se
751 727 919 790 iustificare
934 729 994 790 nisi
1010 731 1196 794 eorumdem
1209 730 1292 794 testi-

266 842 396 914 moniis,
416 841 450 902 in
472 840 573 904 causis
595 860 672 904 uero
687 840 860 914 minorum,
887 840 1063 906 uicinorum
1081 849 1292 906 conuentnum

266 951 319 1014 uel
333 952 537 1014 claustrorum
553 949 750 1015 testimoniis.

349 1062 449 1124 XXII.
496 1061 692 1124 Prestaldum
716 1060 819 1123 nuilus
844 1082 1040 1144 perannum
1062 1063 1114 1126 uel
1133 1063 1290 1129 biennium

267 1173 320 1236 uel
348 1173 430 1236 ulua
457 1193 564 1236 secum
589 1173 743 1247 dedneat,
775 1173 835 1235 nisi
855 1175 897 1237 ad
919 1174 1111 1238 decisionem
1136 1195 1231 1241 cause
1253 1177 1290 1238 ad

268 1304 363 1368 quam
375 1286 562 1368 impetrauit.

350 1398 463 1458 XXIII.
495 1397 653 1479 'Hospites
676 1397 798 1460 nobiles
820 1397 860 1460 ad
881 1417 1013 1478 regnum
1034 1397 1214 1471 uenientes,
1235 1397 1291 1460 nisi

267 1509 369 1572 incole
393 1529 461 1572 esse
481 1507 596 1582 uelint,
619 1510 659 1570 ad
681 1509 846 1590 dignitates
869 1527 932 1570 non
955 1516 1213 1590 promoueantur,
1237 1528 1290 1590 per

267 1620 345 1684 tales
359 1621 442 1684 enim
458 1621 572 1684 diuicie
586 1619 904 1700 regniextrahuntur.

349 1733 462 1796 XXIV.
496 1731 623 1797 ¹Ussores
659 1731 884 1794 decedencium
921 1729 974 1792 uel
1013 1731 1290 1797 condemnatorum

268 1863 324 1926 per
338 1842 529 1906 sentenciam
550 1843 589 1906 ad
604 1850 752 1915 mortem,
774 1841 826 1903 uel
840 1840 873 1902 in
888 1841 993 1904 dueIIo
1009 1839 1289 1914 succumbeuciurn,

269 1963 322 2020 aut
339 1954 399 2016 alia
413 1973 601 2036 quacunque
617 1974 656 2016 ex
671 1973 783 2028 causa,
804 1971 868 2016 non
883 1953 1074 2016 frustrentur
1088 1953 1162 2016 dote
1177 1973 1242 2016 sua.

348 2065 447 2128 XXV.
490 2067 607 2130 Uxores
630 2066 734 2127 surum
759 2064 810 2127 uel
833 2064 988 2128 latronum
1014 2083 1051 2128 ac
1073 2085 1182 2127 eorum
1205 2065 1290 2130 liberi

264 2199 323 2262 pro
338 2178 457 2242 delictis
473 2188 595 2260 patrum
610 2197 674 2243 non
690 2178 878 2246 uendantur.

348 2290 460 2350 XXVI.
501 2292 642 2370 Integros
672 2288 836 2360 comitatus
864 2287 915 2350 uel
940 2287 1107 2370 dignitates
1131 2287 1165 2350 in
1184 2288 1302 2370 predia.

265 2402 318 2464 uel
332 2400 549 2482 possessiones
565 2419 629 2460 non
643 2399 879 2469 transferemus.

348 2511 475 2572 XXVII.
518 2510 688 2572 Statnimus
714 2510 898 2591 iobagiones
919 2518 1096 2584 castrorum
1120 2511 1291 2572 secundum

265 2624 441 2686 libertatern
457 2642 475 2684 a
489 2643 513 2684 s.
525 2643 599 2703 rege
615 2641 812 2696 concessam,
834 2621 976 2684 siusiliter·
989 2629 1020 2684 et
1034 2622 1173 2702 hospites
1190 2623 1290 2684 cuius-

268 2753 392 2816 cunque
408 2732 547 2796 nacionis
563 2734 734 2798 secundum
749 2733 924 2802 libertatern
941 2735 979 2798 ab
994 2732 1087 2796 inicio
1102 2733 1149 2796 cis
1164 2751 1292 2796 conces-

266 2865 349 2918 sam,
370 2853 524 2926 perpetuo
542 2847 650 2907 teneri.

348 2953 489 3016 XXVIII.
531 2955 579 3016 Ad
601 2956 754 3020 secandas
776 2953 941 3036 indagines
962 2963 992 3018 et
1007 2955 1124 3018 fossata
1138 2954 1291 3026 facienda,

265 3067 305 3126 ad
325 3065 434 3128 hortos
457 3073 488 3127 et
502 3085 691 3146 quecunque
711 3066 800 3147 regia
818 3065 941 3149 edificia
964 3064 1017 3128 uel
1043 3064 1201 3138 officinas,
1227 3084 1291 3127 ser-

263 3177 420 3238 uiencium
437 3184 467 3240 et
481 3177 684 3240 ecclesiarum
700 3176 833 3257 populos
850 3197 912 3244 non
928 3196 1087 3258 cogemus.

347 3289 463 3352 XXIX.
506 3290 614 3350 Preter
641 3288 824 3350 uicesimam
852 3309 952 3371 quam
979 3291 1018 3352 ab
1044 3291 1173 3371 antiquo
1202 3308 1290 3370 reges

261 3400 400 3475 habent,¹
432 3399 568 3462 decimas
593 3417 657 3461 non
684 3398 863 3480 exigemus,
893 3400 968 3482 quia
991 3420 1047 3482 per
1072 3401 1133 3463 hoc
1158 3399 1290 3482 populus

263 3521 423 3594 grauatus.

346 3624 448 3684 XXX.
489 3622 580 3685 Porci
605 3623 702 3686 nostri
723 3624 755 3685 in
780 3624 875 3687 siluas
899 3623 951 3687 uel
971 3631 1061 3706 prata
1084 3624 1290 3686 seruiencium

261 3744 376 3799 contra
391 3733 582 3797 uoluntatem
597 3755 707 3800 eorum
722 3757 786 3800 non
801 3745 978 3818 pascantur.

347 3845 462 3906 XXXI.
503 3847 629 3912 Monete
655 3857 687 3911 et
714 3849 830 3910 salibus
856 3867 893 3910 ac
922 3847 989 3910 aliis
1020 3846 1151 3930 publicis
1181 3845 1289 3910 officiis

258 3955 350 4021 Iudai
366 3964 396 4017 et
411 3956 562 4020 Saraceni
576 3979 640 4020 non
654 3946 869 4040 preficiantur.
979 3960 981 3964 ’

343 4067 472 4135 XXXII.
514 4070 735 4138 Possessiones
751 4078 839 4136 extra
853 4091 986 4156 regnum
1002 4089 1066 4148 non
1081 4069 1289 4146 conterantur,
