2904 4754
465 945 668 1032 tmrmttt
692 949 732 1036 V.
756 949 878 1035 ttttt

278 1108 559 1199 ninunrns
576 1109 758 1188 oneror
788 1105 1064 1188 aurumne.
1172 1093 1174 1096 ’

574 1253 767 1318 MCCthV.

346 1393 368 1446 Ε
385 1399 528 1447 transumto
541 1395 697 1447 llerdinoudi
714 1397 734 1450 l.
753 1395 825 1460 regis
841 1409 900 1446 ano.
920 1393 991 1448 tete.

566 1551 762 1565 m

240 1653 416 1736 Stephanus
430 1671 486 1716 rex
499 1652 621 1718 ciuibus
634 1651 821 1738 populisque
833 1651 940 1736 oppidi
951 1653 1098 1718 Zatbmar
1107 1673 1184 1718 oon·

154 1743 265 1830 cessit:

238 1873 287 1958 (1)
309 1884 344 1938 nt
354 1875 427 1938 dicti
437 1875 585 1960 oppidani
598 1875 708 1957 ysdem
721 1875 926 1952 libertatibus,
940 1876 1054 1959 quibus
1068 1875 1184 1940 Alben-

153 2007 205 2054 ses
225 1987 390 2069 perfruere
414 1987 638 2060 dinoscuntur,
658 1985 717 2068 ipsi
740 2006 868 2070 quoque
892 1987 979 2050 ciues
1000 1985 1046 2050 uti
1068 1996 1100 2051 et
1121 1986 1183 2050 irui

153 2106 300 2182 possent,
326 2097 372 2160 itn
394 2105 428 2160 ut
447 2096 586 2168 uillicum
608 2116 702 2178 quom
724 2096 883 2160 noluerint
903 2098 985 2161 inter
1005 2118 1039 2160 se
1058 2097 1184 2180 eligant,

153 2209 210 2294 qui
224 2230 334 2272 omnes
349 2229 459 2274 causas
481 2209 616 2288 maiores
633 2217 665 2271 et
685 2206 821 2271 minores
842 2209 924 2272 inter
940 2228 974 2270 se
993 2217 1118 2272 exortas
1134 2209 1183 2276 iu·

153 2323 260 2386 dicare
278 2321 387 2404 possit.
1161 2397 1164 2402 Ι

238 2431 285 2516 (2)
305 2433 368 2494 Nec
383 2432 532 2512 tributary
548 2440 601 2493 ant
624 2430 671 2514 aly
693 2429 841 2494 officiales
862 2429 893 2492 in
909 2429 1056 2508 Zatbmar
1069 2432 1185 2496 consti·

154 2545 213 2608 tuti
235 2551 343 2626 contra
364 2531 522 2634 iusticiam
539 2543 723 2606 eorumdem
746 2543 865 2624 possint
884 2544 1066 2618 molestare,
1087 2544 1144 2608 sed
1158 2543 1185 2608 si

155 2655 232 2740 quid
246 2652 415 2717 habuerint
429 2672 499 2715 oum
512 2653 630 2716 eisdem
646 2673 751 2716 coram
765 2653 871 2716 nillioo
887 2655 996 2738 oppidi
1010 2675 1097 2718 more
1111 2675 1186 2738 pro·

157 2774 343 2850 sequautur.
378 2765 431 2848 qui
452 2765 479 2827 si
499 2765 603 2827 lacere
626 2765 779 2828 iusticiam
803 2765 993 2848 negligeret,
1024 2786 1087 2828 non
1108 2765 1186 2828 ciuis

157 2863 298 2959 sed'ipse
313 2875 434 2940 uillious
449 2875 481 2937 in
496 2874 694 2958 presenciam
709 2875 793 2956 regis
808 2873 896 2936 citari
912 2875 1052 2938 deberet.

241 2985 291 3070 (3)
313 2987 387 3050 item
407 3005 466 3052 neo
486 2985 638 3048 officiales
661 3005 720 3075 uec
740 2985 835 3070 aliqui
855 2984 905 3068 aly
928 2983 1068 3048 extranei
1088 2985 1121 3047 in
1141 2993 1188 3048 ta·

158 3103 267 3166 bernis
291 3101 398 3164 uinum
422 3100 562 3163 uendere
587 3099 723 3182 possint,
753 3118 813 3160 neo
835 3105 1024 3162 mercatores
1046 3099 1187 3162 extranei

158 3233 282 3297 pannos
296 3232 369 3278 suos
383 3211 552 3284 incidendo
569 3211 708 3275 uendere
724 3189 859 3276 ualeant
888 3193 890 3198 ¹

243 3323 287 3406 (l)
309 3324 384 3386 bem
398 3323 597 3386 sacerdotem
612 3341 707 3403 quem
730 3319 887 3386 noluerint
906 3303 1039 3406 eligant,
1061 3319 1114 3406 qui
1129 3341 1187 3404 per

157 3435 342 3518 episcopum
358 3435 559 3498 diecesanum
581 3453 639 3516 per
654 3435 925 3516 presentacionem
946 3433 1118 3499 eorundem
1133 3434 1188 3497 de·

157 3548 231 3612 beat
252 3547 445 3620 confirmari,
466 3555 498 3610 et
519 3547 659 3630 ipsorum
683 3545 814 3612 ecclesia
835 3546 875 3610 sit
896 3553 1043 3628 exempta
1063 3545 1187 3610 niuris·

158 3659 297 3724 dictione
314 3658 537 3722 archidiaconi.

239 3767 284 3852 (5)
305 3772 380 3838 item
402 3771 568 3854 ingruente
589 3769 776 3858 necessitate
797 3769 838 3835 ad
853 3767 1026 3835 exercitum
1048 3765 1187 3852 regalem

159 3881 395 3966 proficiscantur
423 3901 494 3944 oum
522 3900 578 3946 sex
606 3879 762 3955 loricatis,
786 3879 840 3963 qui
867 3900 939 3944 esse
968 3881 1106 3944 debeant
1129 3879 1188 3946 sub

156 3993 273 4058 uexillo
287 3993 386 4076 regio.

240 4101 285 4188 (6)
308 4113 424 4170 etcum
439 4124 498 4168 rex
513 4104 553 4168 ad
567 4103 637 4170 illos
651 4103 791 4180 uenerit,
813 4105 899 4171 ciues
911 4104 974 4188 ipsi
986 4099 1188 4187 procuracio-

157 4237 230 4282 nem
245 4235 356 4282 eornm
370 4215 464 4281 unius
478 4224 600 4284 tantum
615 4216 679 4280 diei
692 4217 848 4294 babeant,
868 4223 899 4280 et
913 4236 978 4278 uon
991 4215 1083 4278 ultra.

895 4314 936 4381 33
