<?xml version="1.0" encoding="UTF-8"?>
<!DOCTYPE html PUBLIC "-//W3C//DTD XHTML 1.0 Transitional//EN"
    "http://www.w3.org/TR/xhtml1/DTD/xhtml1-transitional.dtd">
<html xmlns="http://www.w3.org/1999/xhtml" xml:lang="en" lang="en">
 <head>
  <title>
</title>
<meta http-equiv="Content-Type" content="text/html;charset=utf-8" />
  <meta name='ocr-system' content='tesseract 3.04.00' />
  <meta name='ocr-capabilities' content='ocr_page ocr_carea ocr_par ocr_line ocrx_word'/>
</head>
<body>
  <div class='ocr_page' id='page_1' title='image "./rerumhungaricar01endlgoog_0032.png"; bbox 0 0 2924 4758; ppageno 0'>
   <div class='ocr_carea' id='block_1_1' title="bbox 273 385 1133 454">
    <p class='ocr_par' dir='ltr' id='par_1_1' title="bbox 273 385 1133 454">
     <span class='ocr_line' id='line_1_1' title="bbox 273 385 1133 454; baseline -0.002 0"><span class='ocrx_word' id='word_1_1' title='bbox 273 385 334 454; x_wconf 82' lang='lat' dir='ltr'><strong>art</strong></span> <span class='ocrx_word' id='word_1_2' title='bbox 444 403 470 452; x_wconf 85' lang='lat' dir='ltr'><strong>s.</strong></span> <span class='ocrx_word' id='word_1_3' title='bbox 484 405 637 454; x_wconf 81' lang='lat' dir='ltr'><strong>sruranu</strong></span> <span class='ocrx_word' id='word_1_4' title='bbox 658 403 748 452; x_wconf 86' lang='lat' dir='ltr'><strong>unors</strong></span> <span class='ocrx_word' id='word_1_5' title='bbox 769 405 977 452; x_wconf 84' lang='lat' dir='ltr'><strong>nuenaroauu</strong></span> <span class='ocrx_word' id='word_1_6' title='bbox 997 404 1089 452; x_wconf 78' lang='lat' dir='ltr'><strong>nmen</strong></span> <span class='ocrx_word' id='word_1_7' title='bbox 1111 409 1133 454; x_wconf 89' lang='grc' dir='ltr'><strong>ι.</strong></span> 
     </span>
    </p>
   </div>
   <div class='ocr_carea' id='block_1_2' title="bbox 273 561 1393 4332">
    <p class='ocr_par' dir='ltr' id='par_1_2' title="bbox 273 561 1307 978">
     <span class='ocr_line' id='line_1_2' title="bbox 274 561 1307 640; baseline 0.004 -16"><span class='ocrx_word' id='word_1_8' title='bbox 274 569 460 625; x_wconf 83' lang='lat' dir='ltr'><strong>concurrant</strong></span> <span class='ocrx_word' id='word_1_9' title='bbox 475 561 525 624; x_wconf 85' lang='lat' dir='ltr'><strong>die</strong></span> <span class='ocrx_word' id='word_1_10' title='bbox 536 561 693 624; x_wconf 86' lang='lat' dir='ltr'><strong>dominica</strong></span> <span class='ocrx_word' id='word_1_11' title='bbox 708 562 747 626; x_wconf 92' lang='lat' dir='ltr'><strong>ad</strong></span> <span class='ocrx_word' id='word_1_12' title='bbox 760 561 943 636; x_wconf 88' lang='lat' dir='ltr'><strong>ecclesiam,</strong></span> <span class='ocrx_word' id='word_1_13' title='bbox 964 561 1098 626; x_wconf 88' lang='lat' dir='ltr'><strong>maiores</strong></span> <span class='ocrx_word' id='word_1_14' title='bbox 1110 581 1146 626; x_wconf 88' lang='lat' dir='ltr'><strong>ac</strong></span> <span class='ocrx_word' id='word_1_15' title='bbox 1157 563 1307 640; x_wconf 87' lang='lat' dir='ltr'><strong>minores,</strong></span> 
     </span>
     <span class='ocr_line' id='line_1_3' title="bbox 273 674 1306 758; baseline 0.002 -22"><span class='ocrx_word' id='word_1_16' title='bbox 273 674 335 738; x_wconf 93' lang='lat' dir='ltr'><strong>uiri</strong></span> <span class='ocrx_word' id='word_1_17' title='bbox 350 693 385 738; x_wconf 85' lang='lat' dir='ltr'><strong>ao</strong></span> <span class='ocrx_word' id='word_1_18' title='bbox 400 674 557 748; x_wconf 87' lang='lat' dir='ltr'><strong>mulieres,</strong></span> <span class='ocrx_word' id='word_1_19' title='bbox 579 675 719 756; x_wconf 81' lang='lat' dir='ltr'><strong>exceptis</strong></span> <span class='ocrx_word' id='word_1_20' title='bbox 731 674 785 754; x_wconf 86' lang='lat' dir='ltr'><strong>qui</strong></span> <span class='ocrx_word' id='word_1_21' title='bbox 796 674 885 754; x_wconf 80' lang='lat' dir='ltr'><strong>ignes</strong></span> <span class='ocrx_word' id='word_1_22' title='bbox 896 674 1085 736; x_wconf 84' lang='lat' dir='ltr'><strong>custodiunt.</strong></span> <span class='ocrx_word' id='word_1_23' title='bbox 1107 675 1214 758; x_wconf 87' lang='lat' dir='ltr'><strong>siquis</strong></span> <span class='ocrx_word' id='word_1_24' title='bbox 1226 695 1306 740; x_wconf 87' lang='lat' dir='ltr'><strong>uero</strong></span> 
     </span>
     <span class='ocr_line' id='line_1_4' title="bbox 274 784 1306 870; baseline 0.001 -21"><span class='ocrx_word' id='word_1_25' title='bbox 274 807 339 849; x_wconf 90' lang='lat' dir='ltr'><strong>nun</strong></span> <span class='ocrx_word' id='word_1_26' title='bbox 359 785 591 849; x_wconf 87' lang='lat' dir='ltr'><strong>obseruaoionis</strong></span> <span class='ocrx_word' id='word_1_27' title='bbox 612 803 707 848; x_wconf 88' lang='lat' dir='ltr'><strong>causa</strong></span> <span class='ocrx_word' id='word_1_28' title='bbox 722 784 914 858; x_wconf 72' lang='lat' dir='ltr'><strong>remanebit,</strong></span> <span class='ocrx_word' id='word_1_29' title='bbox 934 805 992 865; x_wconf 88' lang='lat' dir='ltr'><strong>per</strong></span> <span class='ocrx_word' id='word_1_30' title='bbox 1005 785 1127 848; x_wconf 88' lang='lat' dir='ltr'><strong>illorum</strong></span> <span class='ocrx_word' id='word_1_31' title='bbox 1142 787 1306 870; x_wconf 78' lang='lat' dir='ltr'><strong>negligen-</strong></span> 
     </span>
     <span class='ocr_line' id='line_1_5' title="bbox 275 895 798 978; baseline -0.004 -20"><span class='ocrx_word' id='word_1_32' title='bbox 275 897 370 972; x_wconf 90' lang='lat' dir='ltr'><strong>ciam,</strong></span> <span class='ocrx_word' id='word_1_33' title='bbox 391 895 543 978; x_wconf 87' lang='lat' dir='ltr'><strong>uapuleut</strong></span> <span class='ocrx_word' id='word_1_34' title='bbox 557 916 593 958; x_wconf 90' lang='lat' dir='ltr'><strong>ac</strong></span> <span class='ocrx_word' id='word_1_35' title='bbox 609 897 798 977; x_wconf 87' lang='lat' dir='ltr'><strong>depilentur.</strong></span> 
     </span>
    </p>

    <p class='ocr_par' dir='ltr' id='par_1_3' title="bbox 274 1007 1307 1403">
     <span class='ocr_line' id='line_1_6' title="bbox 356 1007 1306 1092; baseline 0.005 -24"><span class='ocrx_word' id='word_1_36' title='bbox 356 1007 397 1068; x_wconf 83' lang='lat' dir='ltr'><strong>X.</strong></span> <span class='ocrx_word' id='word_1_37' title='bbox 440 1008 484 1068; x_wconf 84' lang='lat' dir='ltr'><strong>Dc</strong></span> <span class='ocrx_word' id='word_1_38' title='bbox 504 1010 706 1068; x_wconf 78' lang='lat' dir='ltr'><strong>obacruucicno</strong></span> <span class='ocrx_word' id='word_1_39' title='bbox 728 1018 853 1086; x_wconf 79' lang='lat' dir='ltr'><strong>quotuor</strong></span> <span class='ocrx_word' id='word_1_40' title='bbox 872 1018 1044 1088; x_wconf 83' lang='lat' dir='ltr'><strong>tempor-um.</strong></span> <span class='ocrx_word' id='word_1_41' title='bbox 1095 1007 1128 1070; x_wconf 87' lang='lat' dir='ltr'><strong>si</strong></span> <span class='ocrx_word' id='word_1_42' title='bbox 1143 1009 1212 1090; x_wconf 88' lang='lat' dir='ltr'><strong>quis</strong></span> <span class='ocrx_word' id='word_1_43' title='bbox 1227 1029 1306 1092; x_wconf 84' lang='lat' dir='ltr'><strong>qua-</strong></span> 
     </span>
     <span class='ocr_line' id='line_1_7' title="bbox 274 1117 1307 1200; baseline -0.001 -19"><span class='ocrx_word' id='word_1_44' title='bbox 274 1126 346 1182; x_wconf 86' lang='lat' dir='ltr'><strong>tuor</strong></span> <span class='ocrx_word' id='word_1_45' title='bbox 367 1125 545 1199; x_wconf 89' lang='lat' dir='ltr'><strong>temporum</strong></span> <span class='ocrx_word' id='word_1_46' title='bbox 557 1117 697 1192; x_wconf 26' lang='lat' dir='ltr'><strong>,ieiunia</strong></span> <span class='ocrx_word' id='word_1_47' title='bbox 718 1118 838 1180; x_wconf 87' lang='lat' dir='ltr'><strong>cunctis</strong></span> <span class='ocrx_word' id='word_1_48' title='bbox 860 1119 1002 1200; x_wconf 81' lang='lat' dir='ltr'><strong>cognita,</strong></span> <span class='ocrx_word' id='word_1_49' title='bbox 1024 1135 1150 1180; x_wconf 89' lang='lat' dir='ltr'><strong>carnem</strong></span> <span class='ocrx_word' id='word_1_50' title='bbox 1173 1121 1307 1182; x_wconf 78' lang='lat' dir='ltr'><strong>mandu—</strong></span> 
     </span>
     <span class='ocr_line' id='line_1_8' title="bbox 276 1227 1307 1310; baseline 0.002 -20"><span class='ocrx_word' id='word_1_51' title='bbox 276 1249 349 1290; x_wconf 88' lang='lat' dir='ltr'><strong>cans</strong></span> <span class='ocrx_word' id='word_1_52' title='bbox 373 1227 560 1302; x_wconf 90' lang='lat' dir='ltr'><strong>uiolauerit,</strong></span> <span class='ocrx_word' id='word_1_53' title='bbox 597 1247 655 1310; x_wconf 85' lang='lat' dir='ltr'><strong>per</strong></span> <span class='ocrx_word' id='word_1_54' title='bbox 679 1229 821 1310; x_wconf 79' lang='lat' dir='ltr'>spacium</span> <span class='ocrx_word' id='word_1_55' title='bbox 847 1230 940 1290; x_wconf 89' lang='lat' dir='ltr'><strong>unius</strong></span> <span class='ocrx_word' id='word_1_56' title='bbox 966 1229 1142 1292; x_wconf 81' lang='lat' dir='ltr'>ebdomade</span> <span class='ocrx_word' id='word_1_57' title='bbox 1166 1229 1307 1293; x_wconf 86' lang='lat' dir='ltr'><strong>inclusus</strong></span> 
     </span>
     <span class='ocr_line' id='line_1_9' title="bbox 274 1340 404 1403; baseline 0.015 -2"><span class='ocrx_word' id='word_1_58' title='bbox 274 1340 404 1403; x_wconf 88' lang='lat' dir='ltr'><strong>ieiunet.</strong></span> 
     </span>
    </p>

    <p class='ocr_par' dir='ltr' id='par_1_4' title="bbox 275 1453 1308 1744">
     <span class='ocr_line' id='line_1_10' title="bbox 358 1453 1307 1536; baseline 0.002 -22"><span class='ocrx_word' id='word_1_59' title='bbox 358 1453 412 1514; x_wconf 90' lang='lat' dir='ltr'><strong>Xl.</strong></span> <span class='ocrx_word' id='word_1_60' title='bbox 453 1454 497 1514; x_wconf 84' lang='lat' dir='ltr'><strong>Dc</strong></span> <span class='ocrx_word' id='word_1_61' title='bbox 510 1455 711 1516; x_wconf 79' lang='lat' dir='ltr'><strong>obsercucionc</strong></span> <span class='ocrx_word' id='word_1_62' title='bbox 728 1465 805 1516; x_wconf 78' lang='lat' dir='ltr'><strong>secto</strong></span> <span class='ocrx_word' id='word_1_63' title='bbox 817 1457 901 1535; x_wconf 73' lang='lat' dir='ltr'><strong>forie.</strong></span> <span class='ocrx_word' id='word_1_64' title='bbox 944 1455 976 1516; x_wconf 92' lang='lat' dir='ltr'><strong>Si</strong></span> <span class='ocrx_word' id='word_1_65' title='bbox 991 1455 1061 1536; x_wconf 89' lang='lat' dir='ltr'><strong>quis</strong></span> <span class='ocrx_word' id='word_1_66' title='bbox 1076 1455 1109 1515; x_wconf 90' lang='lat' dir='ltr'><strong>in</strong></span> <span class='ocrx_word' id='word_1_67' title='bbox 1124 1462 1212 1516; x_wconf 86' lang='lat' dir='ltr'><strong>sexta</strong></span> <span class='ocrx_word' id='word_1_68' title='bbox 1226 1453 1307 1516; x_wconf 83' lang='lat' dir='ltr'><strong>seria</strong></span> 
     </span>
     <span class='ocr_line' id='line_1_11' title="bbox 276 1564 1308 1646; baseline 0.002 -20"><span class='ocrx_word' id='word_1_69' title='bbox 276 1564 316 1626; x_wconf 90' lang='lat' dir='ltr'><strong>ab</strong></span> <span class='ocrx_word' id='word_1_70' title='bbox 330 1564 414 1626; x_wconf 91' lang='lat' dir='ltr'><strong>omni</strong></span> <span class='ocrx_word' id='word_1_71' title='bbox 428 1564 650 1626; x_wconf 78' lang='lat' dir='ltr'><strong>christianitate</strong></span> <span class='ocrx_word' id='word_1_72' title='bbox 665 1565 834 1628; x_wconf 90' lang='lat' dir='ltr'><strong>obseruata</strong></span> <span class='ocrx_word' id='word_1_73' title='bbox 845 1585 971 1628; x_wconf 88' lang='lat' dir='ltr'><strong>carnem</strong></span> <span class='ocrx_word' id='word_1_74' title='bbox 985 1565 1234 1638; x_wconf 87' lang='lat' dir='ltr'><strong>manducauerit,</strong></span> <span class='ocrx_word' id='word_1_75' title='bbox 1248 1585 1308 1646; x_wconf 85' lang='lat' dir='ltr'><strong>per</strong></span> 
     </span>
     <span class='ocr_line' id='line_1_12' title="bbox 275 1678 974 1744; baseline 0 -4"><span class='ocrx_word' id='word_1_76' title='bbox 275 1699 371 1741; x_wconf 90' lang='lat' dir='ltr'><strong>uuam</strong></span> <span class='ocrx_word' id='word_1_77' title='bbox 386 1679 593 1742; x_wconf 79' lang='lat' dir='ltr'><strong>ebdomadam</strong></span> <span class='ocrx_word' id='word_1_78' title='bbox 608 1678 678 1742; x_wconf 88' lang='lat' dir='ltr'><strong>luce</strong></span> <span class='ocrx_word' id='word_1_79' title='bbox 694 1679 833 1742; x_wconf 90' lang='lat' dir='ltr'><strong>inclusus</strong></span> <span class='ocrx_word' id='word_1_80' title='bbox 847 1680 974 1744; x_wconf 88' lang='lat' dir='ltr'><strong>ieiunet.</strong></span> 
     </span>
    </p>

    <p class='ocr_par' dir='ltr' id='par_1_5' title="bbox 275 1791 1310 2989">
     <span class='ocr_line' id='line_1_13' title="bbox 357 1791 1308 1874; baseline 0.002 -22"><span class='ocrx_word' id='word_1_81' title='bbox 357 1791 425 1853; x_wconf 85' lang='lat' dir='ltr'><strong>llll.</strong></span> <span class='ocrx_word' id='word_1_82' title='bbox 468 1793 512 1852; x_wconf 77' lang='lat' dir='ltr'><strong>Dr</strong></span> <span class='ocrx_word' id='word_1_83' title='bbox 531 1794 576 1852; x_wconf 79' lang='lat' dir='ltr'><strong>bis</strong></span> <span class='ocrx_word' id='word_1_84' title='bbox 598 1794 648 1871; x_wconf 79' lang='lat' dir='ltr'><strong>qui</strong></span> <span class='ocrx_word' id='word_1_85' title='bbox 669 1795 730 1854; x_wconf 81' lang='lat' dir='ltr'><strong>sinc</strong></span> <span class='ocrx_word' id='word_1_86' title='bbox 751 1795 926 1874; x_wconf 75' lang='lat' dir='ltr'><strong>confessione</strong></span> <span class='ocrx_word' id='word_1_87' title='bbox 950 1794 1128 1856; x_wconf 80' lang='lat' dir='ltr'><strong>moriantur.</strong></span> <span class='ocrx_word' id='word_1_88' title='bbox 1182 1792 1308 1872; x_wconf 87' lang='lat' dir='ltr'><strong>Siquis</strong></span> 
     </span>
     <span class='ocr_line' id='line_1_14' title="bbox 275 1894 1309 1986; baseline -0.001 -22"><span class='ocrx_word' id='word_1_89' title='bbox 275 1909 340 1964; x_wconf 85' lang='lat' dir='ltr'><strong>tarn</strong></span> <span class='ocrx_word' id='word_1_90' title='bbox 361 1901 531 1984; x_wconf 86' lang='lat' dir='ltr'><strong>perdurate</strong></span> <span class='ocrx_word' id='word_1_91' title='bbox 553 1903 648 1965; x_wconf 90' lang='lat' dir='ltr'><strong>corde</strong></span> <span class='ocrx_word' id='word_1_92' title='bbox 672 1911 735 1978; x_wconf 86' lang='lat' dir='ltr'><strong>cst,</strong></span> <span class='ocrx_word' id='word_1_93' title='bbox 757 1904 843 1986; x_wconf 90' lang='lat' dir='ltr'><strong>quod</strong></span> <span class='ocrx_word' id='word_1_94' title='bbox 866 1904 947 1964; x_wconf 90' lang='lat' dir='ltr'><strong>absit</strong></span> <span class='ocrx_word' id='word_1_95' title='bbox 965 1904 1003 1964; x_wconf 89' lang='lat' dir='ltr'><strong>ah</strong></span> <span class='ocrx_word' id='word_1_96' title='bbox 1019 1894 1104 1964; x_wconf 79' lang='lat' dir='ltr'><strong>omni</strong></span> <span class='ocrx_word' id='word_1_97' title='bbox 1120 1902 1309 1977; x_wconf 90' lang='lat' dir='ltr'><strong>Christiano,</strong></span> 
     </span>
     <span class='ocr_line' id='line_1_15' title="bbox 275 2013 1309 2096; baseline -0.003 -18"><span class='ocrx_word' id='word_1_98' title='bbox 275 2023 311 2078; x_wconf 94' lang='lat' dir='ltr'><strong>ut</strong></span> <span class='ocrx_word' id='word_1_99' title='bbox 322 2013 400 2078; x_wconf 85' lang='lat' dir='ltr'><strong>nolit</strong></span> <span class='ocrx_word' id='word_1_100' title='bbox 410 2013 552 2078; x_wconf 84' lang='lat' dir='ltr'><strong>confiteri</strong></span> <span class='ocrx_word' id='word_1_101' title='bbox 568 2034 624 2079; x_wconf 91' lang='lat' dir='ltr'><strong>sua</strong></span> <span class='ocrx_word' id='word_1_102' title='bbox 636 2015 786 2089; x_wconf 82' lang='lat' dir='ltr'><strong>facinora,</strong></span> <span class='ocrx_word' id='word_1_103' title='bbox 802 2016 974 2078; x_wconf 91' lang='lat' dir='ltr'><strong>secundum</strong></span> <span class='ocrx_word' id='word_1_104' title='bbox 989 2033 1115 2078; x_wconf 84' lang='lat' dir='ltr'><strong>suasum</strong></span> <span class='ocrx_word' id='word_1_105' title='bbox 1131 2015 1309 2096; x_wconf 78' lang='lat' dir='ltr'><strong>presbiteri,</strong></span> 
     </span>
     <span class='ocr_line' id='line_1_16' title="bbox 275 2126 1310 2208; baseline -0.002 -20"><span class='ocrx_word' id='word_1_106' title='bbox 275 2127 328 2188; x_wconf 92' lang='lat' dir='ltr'><strong>bic</strong></span> <span class='ocrx_word' id='word_1_107' title='bbox 342 2127 409 2190; x_wconf 86' lang='lat' dir='ltr'><strong>sine</strong></span> <span class='ocrx_word' id='word_1_108' title='bbox 425 2129 510 2188; x_wconf 90' lang='lat' dir='ltr'><strong>omni</strong></span> <span class='ocrx_word' id='word_1_109' title='bbox 524 2127 631 2190; x_wconf 91' lang='lat' dir='ltr'><strong>diuino</strong></span> <span class='ocrx_word' id='word_1_110' title='bbox 648 2126 753 2188; x_wconf 80' lang='lat' dir='ltr'><strong>cilicio</strong></span> <span class='ocrx_word' id='word_1_111' title='bbox 771 2134 802 2188; x_wconf 87' lang='lat' dir='ltr'><strong>et</strong></span> <span class='ocrx_word' id='word_1_112' title='bbox 817 2127 1004 2208; x_wconf 82' lang='lat' dir='ltr'><strong>elemosynis</strong></span> <span class='ocrx_word' id='word_1_113' title='bbox 1020 2127 1136 2198; x_wconf 84' lang='lat' dir='ltr'><strong>iaceat,</strong></span> <span class='ocrx_word' id='word_1_114' title='bbox 1154 2127 1310 2206; x_wconf 87' lang='lat' dir='ltr'><strong>quemad-</strong></span> 
     </span>
     <span class='ocr_line' id='line_1_17' title="bbox 276 2235 1310 2320; baseline -0.001 -19"><span class='ocrx_word' id='word_1_115' title='bbox 276 2241 404 2305; x_wconf 89' lang='lat' dir='ltr'><strong>modum</strong></span> <span class='ocrx_word' id='word_1_116' title='bbox 418 2239 563 2302; x_wconf 86' lang='lat' dir='ltr'><strong>infidelis.</strong></span> <span class='ocrx_word' id='word_1_117' title='bbox 593 2240 618 2300; x_wconf 91' lang='lat' dir='ltr'><strong>si</strong></span> <span class='ocrx_word' id='word_1_118' title='bbox 633 2248 739 2302; x_wconf 87' lang='lat' dir='ltr'><strong>nutem</strong></span> <span class='ocrx_word' id='word_1_119' title='bbox 754 2248 900 2320; x_wconf 88' lang='lat' dir='ltr'><strong>parentes</strong></span> <span class='ocrx_word' id='word_1_120' title='bbox 916 2245 947 2300; x_wconf 87' lang='lat' dir='ltr'><strong>et</strong></span> <span class='ocrx_word' id='word_1_121' title='bbox 961 2237 1094 2320; x_wconf 82' lang='lat' dir='ltr'><strong>proximi</strong></span> <span class='ocrx_word' id='word_1_122' title='bbox 1109 2235 1310 2318; x_wconf 80' lang='lat' dir='ltr'><strong>neglexerint</strong></span> 
     </span>
     <span class='ocr_line' id='line_1_18' title="bbox 276 2347 1309 2432; baseline -0.005 -20"><span class='ocrx_word' id='word_1_123' title='bbox 276 2371 393 2414; x_wconf 85' lang='lat' dir='ltr'><strong>uocare</strong></span> <span class='ocrx_word' id='word_1_124' title='bbox 421 2351 629 2432; x_wconf 88' lang='lat' dir='ltr'><strong>presbiteros,</strong></span> <span class='ocrx_word' id='word_1_125' title='bbox 663 2359 694 2414; x_wconf 86' lang='lat' dir='ltr'><strong>et</strong></span> <span class='ocrx_word' id='word_1_126' title='bbox 722 2352 765 2417; x_wconf 84' lang='lat' dir='ltr'><strong>ita</strong></span> <span class='ocrx_word' id='word_1_127' title='bbox 791 2350 931 2414; x_wconf 86' lang='lat' dir='ltr'><strong>subiacet</strong></span> <span class='ocrx_word' id='word_1_128' title='bbox 959 2350 1077 2432; x_wconf 89' lang='lat' dir='ltr'><strong>absque</strong></span> <span class='ocrx_word' id='word_1_129' title='bbox 1107 2347 1309 2413; x_wconf 81' lang='lat' dir='ltr'><strong>consessione</strong></span> 
     </span>
     <span class='ocr_line' id='line_1_19' title="bbox 276 2459 1307 2536; baseline -0.004 -12"><span class='ocrx_word' id='word_1_130' title='bbox 276 2463 383 2536; x_wconf 90' lang='lat' dir='ltr'><strong>morti,</strong></span> <span class='ocrx_word' id='word_1_131' title='bbox 404 2463 518 2526; x_wconf 83' lang='lat' dir='ltr'><strong>ditetur</strong></span> <span class='ocrx_word' id='word_1_132' title='bbox 539 2464 739 2525; x_wconf 89' lang='lat' dir='ltr'><strong>oracionibus</strong></span> <span class='ocrx_word' id='word_1_133' title='bbox 762 2470 793 2525; x_wconf 89' lang='lat' dir='ltr'><strong>et</strong></span> <span class='ocrx_word' id='word_1_134' title='bbox 814 2463 994 2524; x_wconf 87' lang='lat' dir='ltr'><strong>consoletur</strong></span> <span class='ocrx_word' id='word_1_135' title='bbox 1015 2461 1206 2523; x_wconf 87' lang='lat' dir='ltr'><strong>elemosinis.</strong></span> <span class='ocrx_word' id='word_1_136' title='bbox 1247 2459 1307 2522; x_wconf 88' lang='lat' dir='ltr'><strong>sed</strong></span> 
     </span>
     <span class='ocr_line' id='line_1_20' title="bbox 276 2569 1307 2654; baseline -0.006 -19"><span class='ocrx_word' id='word_1_137' title='bbox 276 2581 425 2654; x_wconf 84' lang='lat' dir='ltr'><strong>parentes</strong></span> <span class='ocrx_word' id='word_1_138' title='bbox 439 2573 545 2634; x_wconf 88' lang='lat' dir='ltr'><strong>lauent</strong></span> <span class='ocrx_word' id='word_1_139' title='bbox 558 2572 789 2654; x_wconf 81' lang='lat' dir='ltr'><strong>negligenciam</strong></span> <span class='ocrx_word' id='word_1_140' title='bbox 803 2572 939 2645; x_wconf 89' lang='lat' dir='ltr'><strong>ieiuniis,</strong></span> <span class='ocrx_word' id='word_1_141' title='bbox 962 2573 1134 2634; x_wconf 89' lang='lat' dir='ltr'><strong>secundum</strong></span> <span class='ocrx_word' id='word_1_142' title='bbox 1145 2569 1307 2633; x_wconf 88' lang='lat' dir='ltr'><strong>arbitrium</strong></span> 
     </span>
     <span class='ocr_line' id='line_1_21' title="bbox 278 2683 1308 2766; baseline -0.002 -20"><span class='ocrx_word' id='word_1_143' title='bbox 278 2683 534 2766; x_wconf 86' lang='lat' dir='ltr'><strong>presbiterorum.</strong></span> <span class='ocrx_word' id='word_1_144' title='bbox 569 2685 621 2766; x_wconf 89' lang='lat' dir='ltr'><strong>qui</strong></span> <span class='ocrx_word' id='word_1_145' title='bbox 652 2703 730 2746; x_wconf 88' lang='lat' dir='ltr'><strong>uero</strong></span> <span class='ocrx_word' id='word_1_146' title='bbox 759 2684 923 2746; x_wconf 85' lang='lat' dir='ltr'><strong>subitanea</strong></span> <span class='ocrx_word' id='word_1_147' title='bbox 951 2684 1166 2765; x_wconf 85' lang='lat' dir='ltr'><strong>periclitantur</strong></span> <span class='ocrx_word' id='word_1_148' title='bbox 1189 2691 1308 2756; x_wconf 88' lang='lat' dir='ltr'><strong>morte,</strong></span> 
     </span>
     <span class='ocr_line' id='line_1_22' title="bbox 279 2795 1308 2876; baseline -0.002 -18"><span class='ocrx_word' id='word_1_149' title='bbox 279 2815 350 2858; x_wconf 91' lang='lat' dir='ltr'><strong>cum</strong></span> <span class='ocrx_word' id='word_1_150' title='bbox 365 2795 449 2857; x_wconf 91' lang='lat' dir='ltr'><strong>omni</strong></span> <span class='ocrx_word' id='word_1_151' title='bbox 464 2795 675 2859; x_wconf 87' lang='lat' dir='ltr'><strong>ecclesiastico</strong></span> <span class='ocrx_word' id='word_1_152' title='bbox 691 2796 883 2876; x_wconf 89' lang='lat' dir='ltr'><strong>sepeliantur</strong></span> <span class='ocrx_word' id='word_1_153' title='bbox 897 2795 1028 2857; x_wconf 86' lang='lat' dir='ltr'><strong>honoro.</strong></span> <span class='ocrx_word' id='word_1_154' title='bbox 1050 2815 1123 2856; x_wconf 89' lang='lat' dir='ltr'><strong>nam</strong></span> <span class='ocrx_word' id='word_1_155' title='bbox 1139 2795 1245 2856; x_wconf 90' lang='lat' dir='ltr'><strong>diuina</strong></span> <span class='ocrx_word' id='word_1_156' title='bbox 1259 2795 1308 2856; x_wconf 93' lang='lat' dir='ltr'><strong>iu-</strong></span> 
     </span>
     <span class='ocr_line' id='line_1_23' title="bbox 279 2907 922 2989; baseline -0.006 -19"><span class='ocrx_word' id='word_1_157' title='bbox 279 2907 359 2970; x_wconf 88' lang='lat' dir='ltr'><strong>dicia</strong></span> <span class='ocrx_word' id='word_1_158' title='bbox 374 2908 497 2970; x_wconf 91' lang='lat' dir='ltr'><strong>occulta</strong></span> <span class='ocrx_word' id='word_1_159' title='bbox 511 2907 602 2969; x_wconf 91' lang='lat' dir='ltr'><strong>nobis</strong></span> <span class='ocrx_word' id='word_1_160' title='bbox 611 2915 691 2976; x_wconf 86' lang='lat' dir='ltr'><strong>sunt</strong></span> <span class='ocrx_word' id='word_1_161' title='bbox 706 2916 737 2969; x_wconf 91' lang='lat' dir='ltr'><strong>et</strong></span> <span class='ocrx_word' id='word_1_162' title='bbox 754 2907 922 2989; x_wconf 82' lang='lat' dir='ltr'><strong>incognita.</strong></span> 
     </span>
    </p>

    <p class='ocr_par' dir='ltr' id='par_1_6' title="bbox 277 3017 1393 3879">
     <span class='ocr_line' id='line_1_24' title="bbox 359 3017 1308 3099; baseline -0.005 -19"><span class='ocrx_word' id='word_1_163' title='bbox 359 3021 441 3080; x_wconf 84' lang='lat' dir='ltr'><strong>Xlll.</strong></span> <span class='ocrx_word' id='word_1_164' title='bbox 484 3021 527 3080; x_wconf 87' lang='lat' dir='ltr'><strong>Dc</strong></span> <span class='ocrx_word' id='word_1_165' title='bbox 546 3021 727 3080; x_wconf 80' lang='lat' dir='ltr'><strong>obseruanda</strong></span> <span class='ocrx_word' id='word_1_166' title='bbox 750 3019 974 3079; x_wconf 78' lang='lat' dir='ltr'><strong>christianitate.</strong></span> <span class='ocrx_word' id='word_1_167' title='bbox 1026 3017 1057 3078; x_wconf 90' lang='lat' dir='ltr'><strong>Si</strong></span> <span class='ocrx_word' id='word_1_168' title='bbox 1072 3017 1140 3099; x_wconf 89' lang='lat' dir='ltr'><strong>quis</strong></span> <span class='ocrx_word' id='word_1_169' title='bbox 1156 3017 1308 3081; x_wconf 88' lang='lat' dir='ltr'><strong>obserua-</strong></span> 
     </span>
     <span class='ocr_line' id='line_1_25' title="bbox 278 3124 1308 3210; baseline -0.008 -17"><span class='ocrx_word' id='word_1_170' title='bbox 278 3131 368 3194; x_wconf 89' lang='lat' dir='ltr'><strong>cicne</strong></span> <span class='ocrx_word' id='word_1_171' title='bbox 383 3129 614 3192; x_wconf 87' lang='lat' dir='ltr'><strong>christianitatis</strong></span> <span class='ocrx_word' id='word_1_172' title='bbox 629 3128 781 3210; x_wconf 85' lang='lat' dir='ltr'><strong>neglecta,</strong></span> <span class='ocrx_word' id='word_1_173' title='bbox 803 3135 834 3190; x_wconf 91' lang='lat' dir='ltr'><strong>et</strong></span> <span class='ocrx_word' id='word_1_174' title='bbox 849 3128 1045 3210; x_wconf 81' lang='lat' dir='ltr'><strong>negligencia</strong></span> <span class='ocrx_word' id='word_1_175' title='bbox 1060 3126 1228 3188; x_wconf 89' lang='lat' dir='ltr'><strong>stoliditate</strong></span> <span class='ocrx_word' id='word_1_176' title='bbox 1243 3124 1308 3187; x_wconf 89' lang='lat' dir='ltr'><strong>ela-</strong></span> 
     </span>
     <span class='ocr_line' id='line_1_26' title="bbox 278 3235 1307 3322; baseline -0.004 -19"><span class='ocrx_word' id='word_1_177' title='bbox 278 3249 328 3304; x_wconf 90' lang='lat' dir='ltr'><strong>tus</strong></span> <span class='ocrx_word' id='word_1_178' title='bbox 350 3241 426 3322; x_wconf 91' lang='lat' dir='ltr'><strong>quid</strong></span> <span class='ocrx_word' id='word_1_179' title='bbox 447 3241 479 3302; x_wconf 91' lang='lat' dir='ltr'><strong>in</strong></span> <span class='ocrx_word' id='word_1_180' title='bbox 502 3256 570 3302; x_wconf 88' lang='lat' dir='ltr'><strong>eam</strong></span> <span class='ocrx_word' id='word_1_181' title='bbox 594 3238 799 3311; x_wconf 86' lang='lat' dir='ltr'><strong>commiserit,</strong></span> <span class='ocrx_word' id='word_1_182' title='bbox 820 3239 907 3300; x_wconf 86' lang='lat' dir='ltr'><strong>iuxta</strong></span> <span class='ocrx_word' id='word_1_183' title='bbox 921 3237 1102 3320; x_wconf 86' lang='lat' dir='ltr'><strong>qualitatem</strong></span> <span class='ocrx_word' id='word_1_184' title='bbox 1124 3235 1307 3300; x_wconf 86' lang='lat' dir='ltr'><strong>ollensionis</strong></span> 
     </span>
     <span class='ocr_line' id='line_1_27' title="bbox 279 3335 1393 3434; baseline -0.006 -18"><span class='ocrx_word' id='word_1_185' title='bbox 279 3355 319 3417; x_wconf 89' lang='lat' dir='ltr'><strong>ab</strong></span> <span class='ocrx_word' id='word_1_186' title='bbox 334 3353 483 3434; x_wconf 87' lang='lat' dir='ltr'><strong>episcopo</strong></span> <span class='ocrx_word' id='word_1_187' title='bbox 499 3372 555 3432; x_wconf 91' lang='lat' dir='ltr'><strong>per</strong></span> <span class='ocrx_word' id='word_1_188' title='bbox 570 3349 751 3430; x_wconf 88' lang='lat' dir='ltr'><strong>disciplinas</strong></span> <span class='ocrx_word' id='word_1_189' title='bbox 768 3369 922 3412; x_wconf 89' lang='lat' dir='ltr'><strong>canonum</strong></span> <span class='ocrx_word' id='word_1_190' title='bbox 936 3350 1103 3412; x_wconf 88' lang='lat' dir='ltr'><strong>iudicetur.</strong></span> <span class='ocrx_word' id='word_1_191' title='bbox 1124 3351 1242 3410; x_wconf 85' lang='lat' dir='ltr'><strong>sinere</strong></span> <span class='ocrx_word' id='word_1_192' title='bbox 1257 3368 1307 3410; x_wconf 88' lang='lat' dir='ltr'><strong>re-</strong></span> <span class='ocrx_word' id='word_1_193' title='bbox 1391 3335 1393 3340; x_wconf 50' lang='grc'><em>’</em></span> 
     </span>
     <span class='ocr_line' id='line_1_28' title="bbox 277 3461 1307 3544; baseline -0.004 -18"><span class='ocrx_word' id='word_1_194' title='bbox 277 3465 415 3528; x_wconf 88' lang='lat' dir='ltr'><strong>bellitate</strong></span> <span class='ocrx_word' id='word_1_195' title='bbox 436 3463 605 3524; x_wconf 87' lang='lat' dir='ltr'><strong>instructus</strong></span> <span class='ocrx_word' id='word_1_196' title='bbox 627 3461 767 3527; x_wconf 86' lang='lat' dir='ltr'><strong>renuerit</strong></span> <span class='ocrx_word' id='word_1_197' title='bbox 785 3463 842 3524; x_wconf 92' lang='lat' dir='ltr'><strong>sibi</strong></span> <span class='ocrx_word' id='word_1_198' title='bbox 864 3463 1042 3544; x_wconf 88' lang='lat' dir='ltr'><strong>impositum</strong></span> <span class='ocrx_word' id='word_1_199' title='bbox 1060 3482 1142 3543; x_wconf 85' lang='lat' dir='ltr'><strong>eque</strong></span> <span class='ocrx_word' id='word_1_200' title='bbox 1161 3463 1307 3533; x_wconf 79' lang='lat' dir='ltr'><strong>sufferre,</strong></span> 
     </span>
     <span class='ocr_line' id='line_1_29' title="bbox 277 3573 1311 3656; baseline -0.003 -19"><span class='ocrx_word' id='word_1_201' title='bbox 277 3576 390 3638; x_wconf 88' lang='lat' dir='ltr'><strong>iterum</strong></span> <span class='ocrx_word' id='word_1_202' title='bbox 410 3575 523 3636; x_wconf 85' lang='lat' dir='ltr'><strong>eodem</strong></span> <span class='ocrx_word' id='word_1_203' title='bbox 542 3573 656 3636; x_wconf 88' lang='lat' dir='ltr'><strong>iudicio</strong></span> <span class='ocrx_word' id='word_1_204' title='bbox 672 3575 887 3656; x_wconf 81' lang='lat' dir='ltr'><strong>restringatur,</strong></span> <span class='ocrx_word' id='word_1_205' title='bbox 902 3583 933 3636; x_wconf 88' lang='lat' dir='ltr'><strong>et</strong></span> <span class='ocrx_word' id='word_1_206' title='bbox 948 3575 1046 3636; x_wconf 86' lang='lat' dir='ltr'><strong>eciam</strong></span> <span class='ocrx_word' id='word_1_207' title='bbox 1061 3593 1161 3656; x_wconf 91' lang='lat' dir='ltr'><strong>usque</strong></span> <span class='ocrx_word' id='word_1_208' title='bbox 1176 3573 1311 3654; x_wconf 76' lang='lat' dir='ltr'><strong>sepcies·</strong></span> 
     </span>
     <span class='ocr_line' id='line_1_30' title="bbox 277 3683 1388 3765; baseline 0.001 -17"><span class='ocrx_word' id='word_1_209' title='bbox 277 3687 403 3748; x_wconf 89' lang='lat' dir='ltr'><strong>tandem</strong></span> <span class='ocrx_word' id='word_1_210' title='bbox 420 3705 514 3765; x_wconf 85' lang='lat' dir='ltr'><strong>super</strong></span> <span class='ocrx_word' id='word_1_211' title='bbox 528 3683 633 3744; x_wconf 86' lang='lat' dir='ltr'><strong>omnia</strong></span> <span class='ocrx_word' id='word_1_212' title='bbox 648 3685 673 3746; x_wconf 92' lang='lat' dir='ltr'><strong>si</strong></span> <span class='ocrx_word' id='word_1_213' title='bbox 687 3686 837 3746; x_wconf 89' lang='lat' dir='ltr'><strong>resistens</strong></span> <span class='ocrx_word' id='word_1_214' title='bbox 859 3695 890 3748; x_wconf 88' lang='lat' dir='ltr'><strong>et</strong></span> <span class='ocrx_word' id='word_1_215' title='bbox 905 3685 1046 3748; x_wconf 85' lang='lat' dir='ltr'><strong>abnuens</strong></span> <span class='ocrx_word' id='word_1_216' title='bbox 1065 3686 1233 3759; x_wconf 85' lang='lat' dir='ltr'><strong>inuenitur,</strong></span> <span class='ocrx_word' id='word_1_217' title='bbox 1256 3705 1309 3750; x_wconf 86' lang='lat' dir='ltr'><strong>re·</strong></span> <span class='ocrx_word' id='word_1_218' title='bbox 1387 3699 1388 3702; x_wconf 75' lang='grc'>’</span> 
     </span>
     <span class='ocr_line' id='line_1_31' title="bbox 279 3794 1227 3879; baseline 0 -21"><span class='ocrx_word' id='word_1_219' title='bbox 279 3796 341 3879; x_wconf 85' lang='lat' dir='ltr'><strong>gali</strong></span> <span class='ocrx_word' id='word_1_220' title='bbox 355 3797 483 3870; x_wconf 89' lang='lat' dir='ltr'><strong>iudicio,</strong></span> <span class='ocrx_word' id='word_1_221' title='bbox 500 3794 621 3857; x_wconf 88' lang='lat' dir='ltr'><strong>scilicet</strong></span> <span class='ocrx_word' id='word_1_222' title='bbox 636 3795 796 3858; x_wconf 80' lang='lat' dir='ltr'><strong>defensori</strong></span> <span class='ocrx_word' id='word_1_223' title='bbox 812 3795 1055 3870; x_wconf 78' lang='lat' dir='ltr'><strong>christianitatis,</strong></span> <span class='ocrx_word' id='word_1_224' title='bbox 1076 3797 1227 3858; x_wconf 86' lang='lat' dir='ltr'><strong>tradatur.</strong></span> 
     </span>
    </p>

    <p class='ocr_par' dir='ltr' id='par_1_7' title="bbox 278 3907 1312 4332">
     <span class='ocr_line' id='line_1_32' title="bbox 360 3907 1311 3991; baseline 0.002 -22"><span class='ocrx_word' id='word_1_225' title='bbox 360 3908 444 3970; x_wconf 84' lang='lat' dir='ltr'><strong>XIV.</strong></span> <span class='ocrx_word' id='word_1_226' title='bbox 485 3909 529 3970; x_wconf 82' lang='lat' dir='ltr'><strong>Dc</strong></span> <span class='ocrx_word' id='word_1_227' title='bbox 542 3910 705 3971; x_wconf 78' lang='lat' dir='ltr'><strong>homicidio.</strong></span> <span class='ocrx_word' id='word_1_228' title='bbox 735 3907 767 3970; x_wconf 85' lang='lat' dir='ltr'><strong>Si</strong></span> <span class='ocrx_word' id='word_1_229' title='bbox 782 3909 851 3990; x_wconf 91' lang='lat' dir='ltr'><strong>quis</strong></span> <span class='ocrx_word' id='word_1_230' title='bbox 868 3909 916 3970; x_wconf 87' lang='lat' dir='ltr'><strong>ira</strong></span> <span class='ocrx_word' id='word_1_231' title='bbox 930 3927 1082 3972; x_wconf 89' lang='lat' dir='ltr'><strong>accensus</strong></span> <span class='ocrx_word' id='word_1_232' title='bbox 1097 3916 1150 3972; x_wconf 89' lang='lat' dir='ltr'><strong>aut</strong></span> <span class='ocrx_word' id='word_1_233' title='bbox 1162 3908 1311 3991; x_wconf 84' lang='lat' dir='ltr'><strong>superbia</strong></span> 
     </span>
     <span class='ocr_line' id='line_1_33' title="bbox 279 4019 1312 4104; baseline -0.002 -19"><span class='ocrx_word' id='word_1_234' title='bbox 279 4021 379 4086; x_wconf 90' lang='lat' dir='ltr'><strong>elatus</strong></span> <span class='ocrx_word' id='word_1_235' title='bbox 400 4027 608 4104; x_wconf 88' lang='lat' dir='ltr'><strong>spontaneum</strong></span> <span class='ocrx_word' id='word_1_236' title='bbox 636 4019 828 4084; x_wconf 90' lang='lat' dir='ltr'><strong>commiserit</strong></span> <span class='ocrx_word' id='word_1_237' title='bbox 853 4020 1074 4097; x_wconf 89' lang='lat' dir='ltr'><strong>homicidium,</strong></span> <span class='ocrx_word' id='word_1_238' title='bbox 1106 4019 1183 4084; x_wconf 89' lang='lat' dir='ltr'><strong>s&#39;ciat</strong></span> <span class='ocrx_word' id='word_1_239' title='bbox 1204 4041 1237 4084; x_wconf 89' lang='lat' dir='ltr'><strong>sc</strong></span> <span class='ocrx_word' id='word_1_240' title='bbox 1261 4039 1312 4083; x_wconf 87' lang='lat' dir='ltr'><strong>se·</strong></span> 
     </span>
     <span class='ocr_line' id='line_1_34' title="bbox 279 4132 1310 4198; baseline -0.001 -1"><span class='ocrx_word' id='word_1_241' title='bbox 279 4135 416 4198; x_wconf 85' lang='lat' dir='ltr'><strong>cundum</strong></span> <span class='ocrx_word' id='word_1_242' title='bbox 431 4132 530 4198; x_wconf 91' lang='lat' dir='ltr'><strong>nostri</strong></span> <span class='ocrx_word' id='word_1_243' title='bbox 544 4140 672 4196; x_wconf 87' lang='lat' dir='ltr'><strong>senatus</strong></span> <span class='ocrx_word' id='word_1_244' title='bbox 686 4133 848 4196; x_wconf 89' lang='lat' dir='ltr'><strong>decretum</strong></span> <span class='ocrx_word' id='word_1_245' title='bbox 863 4141 988 4196; x_wconf 67' lang='lat' dir='ltr'><strong>centum</strong></span> <span class='ocrx_word' id='word_1_246' title='bbox 1000 4139 1031 4196; x_wconf 87' lang='lat' dir='ltr'><strong>et</strong></span> <span class='ocrx_word' id='word_1_247' title='bbox 1042 4134 1152 4196; x_wconf 85' lang='lat' dir='ltr'><strong>decem</strong></span> <span class='ocrx_word' id='word_1_248' title='bbox 1163 4133 1310 4196; x_wconf 73' lang='lat' dir='ltr'><strong>&#39;daturum</strong></span> 
     </span>
     <span class='ocr_line' id='line_1_35' title="bbox 278 4243 1311 4332; baseline -0.002 -22"><span class='ocrx_word' id='word_1_249' title='bbox 278 4265 395 4332; x_wconf 88' lang='lat' dir='ltr'><strong>pensas</strong></span> <span class='ocrx_word' id='word_1_250' title='bbox 418 4245 498 4309; x_wconf 87' lang='lat' dir='ltr'><strong>auri.</strong></span> <span class='ocrx_word' id='word_1_251' title='bbox 525 4263 565 4308; x_wconf 86' lang='lat' dir='ltr'><strong>ex</strong></span> <span class='ocrx_word' id='word_1_252' title='bbox 580 4243 695 4329; x_wconf 87' lang='lat' dir='ltr'><strong>quibus</strong></span> <span class='ocrx_word' id='word_1_253' title='bbox 710 4243 938 4328; x_wconf 83' lang='lat' dir='ltr'><strong>quinquaginta</strong></span> <span class='ocrx_word' id='word_1_254' title='bbox 961 4245 1002 4308; x_wconf 89' lang='lat' dir='ltr'><strong>ad</strong></span> <span class='ocrx_word' id='word_1_255' title='bbox 1022 4243 1134 4308; x_wconf 84' lang='lat' dir='ltr'><strong>liscum</strong></span> <span class='ocrx_word' id='word_1_256' title='bbox 1155 4245 1239 4330; x_wconf 77' lang='lat' dir='ltr'><strong>regis</strong></span> <span class='ocrx_word' id='word_1_257' title='bbox 1255 4245 1311 4308; x_wconf 88' lang='lat' dir='ltr'><strong>de-</strong></span> 
     </span>
    </p>
   </div>
   <div class='ocr_carea' id='block_1_3' title="bbox 0 0 1472 4758">
    <p class='ocr_par' dir='ltr' id='par_1_8' title="bbox 0 0 1472 4758">
     <span class='ocr_line' id='line_1_36' title="bbox 0 0 1472 4758; baseline 0 0"><span class='ocrx_word' id='word_1_258' title='bbox 0 0 1472 4758; x_wconf 95' lang='lat' dir='ltr'><strong> </strong></span> 
     </span>
    </p>
   </div>
  </div>
 </body>
</html>
