2920 4758
382 1048 621 1138 cononum
645 1047 769 1134 nnus
796 1041 1038 1174 scurrone

542 1236 863 1329 Linun'rss

190 1425 458 1493 flosnrnunr
481 1425 536 1486 nu
561 1422 744 1486 cruens
765 1419 922 1484 vinus
942 1385 1223 1482 wuni’rczu.

593 1559 822 1624 cccxxxiv.

508 1719 530 1771 u
548 1733 611 1769 mss.
630 1715 755 1782 Stephani
772 1712 908 1781 Kaprinsi.

605 1871 813 1884 Μ

276 1980 488 2043 Colomonnus
510 1975 561 2040 dei
585 1973 692 2058 gracia
714 1993 771 2035 rex
792 1980 824 2036 et
845 1973 908 2036 dux
926 1973 1026 2036 tocius
1046 1971 1223 2050 Solanonie,

192 2091 352 2156 uniuersis
376 2107 507 2172 presens
532 2085 682 2168 scriptum
706 2083 892 2166 inspecturis
919 2085 1051 2148 salutem
1075 2091 1107 2146 et
1130 2103 1223 2146 omns

192 2205 324 2267 bonnm.

279 2315 351 2390 Quo
373 2320 508 2395 aguntur
529 2329 599 2373 cum
619 2318 778 2391 tempore,
800 2327 841 2370 ne
854 2305 1000 2370 labantur
1014 2327 1087 2372 cum
1101 2306 1225 2382 eodem,

196 2427 387 2512 prudentum
407 2423 557 2488 stabitiuis
576 2421 782 2506 prouidenciu
806 2440 845 2485 es
865 2419 1027 2484 literarum
1047 2419 1227 2484 testimonio

195 2539 358 2602 roborare.
378 2545 487 2599 noscet
507 2534 602 2618 igitur
623 2542 687 2596 tam
708 2553 842 2615 presens
863 2531 1055 2596 uniuersitas
1069 2551 1164 2614 quern
1177 2531 1228 2596 fu·

196 2657 284 2723 ture,
305 2649 391 2730 quod
404 2665 463 2710 nos
478 2647 653 2728 hospitibus
668 2645 783 2710 nostris
799 2647 838 2710 de
853 2662 968 2728 magna
981 2643 1055 2708 uilla
1069 2645 1228 2710 Uereuczo

195 2767 262 2823 tam
275 2758 316 2821 ad
330 2777 462 2840 presens
479 2755 682 2820 existentibus
697 2775 792 2839 quam
814 2755 1112 2838 superuenientibus
1133 2755 1229 2820 tatem

198 2867 417 2932 constituimus
429 2867 618 2932 libertatem.
768 2947 770 2952 Ι

283 2977 328 3062 (1)
349 2979 387 3042 Ut
401 2987 433 3042 et
446 2979 545 3042 libere
567 2979 678 3042 uenire
698 2979 821 3061 possint
835 2999 905 3041 curn
922 2979 1067 3042 omnibus
1086 2980 1230 3061 pecuniis

199 3091 264 3155 suis
288 3098 321 3154 et
340 3090 491 3154 recedere
511 3109 574 3174 quo
595 3077 770 3165 noluerint,
791 3091 910 3173 absque
932 3089 1142 3154 diminucione
1162 3109 1231 3153 om·

199 3203 288 3266 nium
306 3221 414 3264 rernm
435 3220 581 3276 suorum,
601 3207 664 3263 tem
684 3201 828 3264 domibus
849 3201 914 3293 suis
934 3201 1113 3276 diuenditis,
1135 3221 1230 3284 quum

201 3313 268 3376 aliis
283 3313 348 3376 suis
362 3312 558 3375 necessariis.

282 3421 501 3506 (bil'reterea
523 3424 737 3488 concessimus
761 3423 881 3489 eisdem
904 3417 990 3508 quod
1018 3425 1045 3489 si
1067 3426 1138 3508 quis
1162 3424 1230 3490 sine

199 3535 370 3600 heredibus
396 3535 575 3597 discesserit
600 3555 640 3598 ex
661 3535 748 3617 ipsis,
773 3537 872 3616 possit
892 3537 1060 3618 pecuniam
1084 3557 1175 3600 susm
1199 3545 1232 3600 et

200 3648 306 3712 omnia
320 3665 512 3728 quecunque
530 3645 691 3721 habuerit,
713 3647 890 3730 cuicunque
905 3646 1052 3722 uoluerit,
1073 3648 1141 3712 siue
1156 3667 1231 3732 eog-

199 3758 282 3821 nstis
296 3758 372 3831 suis,
393 3755 462 3819 siue
478 3776 536 3838 pro
550 3756 691 3819 remedio
706 3757 810 3820 enimc
826 3758 1004 3840 disponere.

282 3863 333 3950 (3)
352 3869 432 3932 ltem
446 3867 663 3932 constituimus
682 3867 728 3932 eis
743 3870 829 3952 quod
843 3870 933 3934 uobis
949 3871 988 3934 de
1003 3872 1144 3953 quolibet
1155 3873 1231 3938 uilio

198 3987 291 4064 porta
310 3987 448 4066 quatuor
466 3979 608 4064 pondero
629 3999 701 4044 cum
721 3987 840 4045 stetero
860 3980 920 4044 toci
934 3983 1119 4066 persoluere
1140 3992 1230 4050 teue-

200 4099 303 4169 nntur‚
324 4093 393 4156 siue
407 4091 543 4176 plurimo
556 4093 619 4158 sint
632 4091 813 4158 mensiones
826 4093 861 4157 in
874 4113 939 4157 una
953 4095 1052 4160 curin.

282 4203 334 4284 [b]
355 4204 507 4269 Preterea
520 4204 738 4270 constituimus
751 4205 838 4289 quod
851 4205 955 4270 nullus
970 4207 1066 4272 iudex
1078 4207 1112 4270 in
1126 4209 1230 4272 causis
1319 4189 1324 4196 ”

199 4333 311 4382 eorum
326 4315 414 4398 ipsos
428 4316 529 4400 possit
540 4315 695 4393 indicere,
715 4317 776 4390 nisi
789 4317 893 4382 solum
906 4311 1030 4382 uillicus
1044 4337 1156 4394 eornm
1168 4337 1229 4404 pre
