3048 4760
536 444 719 496 nussam
742 449 785 494 us
805 447 919 496 vania.
1179 430 1242 496 ott

212 605 298 668 mam
317 603 360 668 ‹ie'
380 603 458 668 uitta
474 601 612 667 Ueiehea
631 602 672 666 ad
692 601 842 666 iudicium
861 601 938 665 ferri
958 599 1120 680 candentis
1141 609 1242 666 trans

213 716 298 780 misit
312 714 512 778 Uaradinum.
533 713 587 776 ubi
609 711 847 795 prenominatus
868 710 1048 793 Chepauus,
1078 729 1149 774 oum
1169 729 1242 794 pre·

213 824 280 890 fato
300 824 452 906 pristaldo
475 830 508 888 at
526 823 655 896 homine
674 841 734 888 suo
755 822 876 888 terrum
893 823 1064 903 portaturo,
1094 823 1128 886 iu
1146 823 1242 903 septi-

214 955 323 1010 mana,
345 955 408 1018 qua
428 935 543 998 testum
568 955 594 996 s.
610 933 693 998 Galli
716 942 766 996 cst
784 932 994 1006 celebratum,
1014 931 1243 1008 tristarentur.

215 1047 388 1115 aduersarii
403 1054 509 1110 autem
524 1047 602 1120 eius,
621 1045 743 1109 scitieet
755 1047 828 1128 Ipsa
841 1053 873 1108 et
886 1045 1006 1118 Petrus,
1026 1052 1058 1108 et
1069 1043 1241 1108 coeciliani

213 1177 322 1222 eorum
337 1177 401 1219 neu
417 1155 668 1238 comparuerunt.
893 1157 896 1162 ’

294 1269 373 1344 (ao)
393 1269 465 1330 Isou
487 1268 526 1330 dc
551 1267 626 1330 uitia
648 1267 757 1330 Fnlian
781 1267 890 1330 citauit
909 1266 1084 1329 Marianum
1107 1267 1148 1330 dc
1166 1266 1242 1333 uilia

212 1381 335 1442 Barana
357 1399 416 1460 pro
442 1377 603 1448 eruicione
624 1376 789 1440 oculorum
812 1395 960 1450 suorum,
985 1383 1057 1440 aute
1079 1377 1241 1444 Nicolaum

214 1489 384 1574 palatinum
399 1489 556 1553 comitem.
590 1489 645 1550 ubi
659 1489 852 1552 cumessam
866 1489 996 1570 quidam
1008 1488 1082 1550 boni
1096 1489 1241 1554 homines

209 1604 258 1666 tie
273 1602 435 1685 prouincia
448 1603 593 1674 Zcunuo,
614 1599 733 1662 sciticct
746 1598 880 1662 ntehac!
895 1617 1001 1662 eomes
1012 1600 1055 1662 de
1068 1599 1143 1662 uitia
1157 1601 1242 1664 Μου-

214 1721 285 1786 tun,
306 1719 338 1774 et
351 1712 501 1775 Modcrns
521 1711 560 1773 de
576 1711 650 1774 uilla
663 1711 745 1786 Pau,
767 1719 799 1774 et
812 1710 865 1772 aiii
875 1711 953 1773 honi
966 1710 1122 1784 hominos,
1141 1710 1242 1793 impe-

212 1831 294 1888 trata
307 1822 439 1885 licencia
453 1821 661 1903 prenominati
680 1821 803 1896 iudicis,
823 1822 1078 1886 reformaneruut
1089 1823 1172 1886 inter
1186 1841 1241 1886 eos

210 1939 343 2015 pacem,
354 1939 397 1998 ⁵ot
414 1941 604 2000 memoratus
618 1933 690 1994 lsov
707 1931 822 1997 dimisit
840 1933 1022 1996 aduersario
1036 1952 1093 2004 suo
1107 1933 1241 1998 Martiae

171 2105 176 2124 ,
214 2063 339 2110 omnem
358 2043 556 2106 inimiciciam
573 2062 680 2116 suam,
702 2049 733 2104 et
746 2043 865 2124 pepigit
880 2044 967 2124 quod
982 2043 1133 2126 deinceps
1146 2051 1244 2126 snper

215 2154 438 2220 oxoeuiacicne
452 2174 510 2218 sua
523 2173 684 2236 uunquam
700 2153 984 2234 essetiitigaturns.

294 2269 376 2344 (27)
398 2267 482 2330 Uxor
504 2264 625 2339 Scilak,
652 2263 778 2330 nomine
801 2263 932 2337 Cineae,
953 2263 1093 2346 impeciit
1112 2263 1243 2328 Paulum

213 2377 405 2456 seruientem
420 2377 532 2440 Uhudu
551 2375 676 2439 curialis
697 2376 776 2440 Mice
795 2375 917 2450 comitis
937 2375 977 2439 de
998 2375 1158 2439 occisione
1178 2395 1244 2440 ma-

211 2487 352 2563 titiani,
378 2487 481 2552 iudice
502 2487 584 2552 Mica
603 2486 717 2550 comite
740 2488 780 2552 tia
801 2487 912 2562 nitor,
940 2486 1093 2569 pristaidc
1112 2487 1243 2552 Fcicho.

214 2599 354 2682 prefatus
374 2599 481 2680 itaque
504 2598 620 2661 Paulus
643 2617 715 2660 cum
736 2599 943 2662 dominusne
965 2607 997 2663 ct
1013 2599 1164 2682 pristoido
1184 2598 1244 2664 init

215 2709 379 2784 Uaradini,
399 2709 518 2775 ferrum
539 2709 677 2774 candens
691 2717 880 2790 portaturus.
908 2716 1083 2774 munerata
1097 2711 1244 2776 uero-ad·

214 2821 355 2884 uerseria
368 2839 433 2882 non
448 2820 636 2901 comparuit,
656 2841 760 2902 neque
776 2829 991 2884 excusatorem
1007 2821 1099 2884 misit.

300 2931 377 3005 (28)
401 2930 568 3010 Chepanus
589 2929 724 2996 deuius
737 2933 868 3015 Bogdan
889 2931 1030 3013 impaciit
1042 2933 1170 2999 Petrum
1188 2951 1244 2996 cc·

214 3062 283 3106 ram
297 3041 412 3105 comite
427 3039 576 3114 elidar-0,
598 3041 638 3104 de
651 3049 790 3122 quatuor
805 3040 895 3124 equis
912 3049 946 3106 et
960 3061 1023 3104 uno
1037 3042 1106 3131 fure
1121 3041 1244 3108 uicien-

216 3163 265 3218 ter
277 3153 391 3218 ablata.
413 3151 574 3236 predictus
589 3153 700 3219 Petrus
715 3155 803 3218 ueni
816 3154 1021 3229 Uaradinum,
1042 3155 1243 3220 aduersarius

217 3265 600 3348 autemnoncomparuit.
1275 3341 1278 3350 y

281 3379 378 3454 ,(29)
398 3378 490 3440 Anac
510 3377 666 3442 dominico
687 3376 918 3448 incarnacionis
941 3376 1106 3442 millesimo
1127 3380 1244 3444 ducen-

216 3488 329 3556 tesimo
350 3489 473 3554 decimo
495 3489 638 3572 septimo,
659 3490 693 3552 iu
714 3491 891 3572 septimana
912 3490 1013 3554 iaetus
1036 3499 1099 3566 ost,
1119 3492 1244 3575 icbagia

216 3602 283 3668 Beli
303 3603 392 3666 uenit
405 3603 610 3678 Uerminam,
631 3603 820 3683 probaturus
842 3621 984 3666 sororem
1002 3623 1105 3679 auam,
1125 3605 1241 3670 inuicto

171 3796 174 3800 Ι
216 3715 380 3778 candentis
394 3713 479 3788 ierri,
494 3733 559 3776 non
573 3733 644 3776 esse
658 3713 868 3776 meretricem.
890 3721 922 3776 et
933 3714 1068 3795 sigillata
1080 3735 1175 3779 manu
1189 3737 1244 3780 ex-

215 3825 369 3908 spectauit
391 3825 493 3906 usque
516 3823 602 3886 diem
626 3824 755 3886 ueneris
778 3823 978 3886 amuersarics
1003 3845 1095 3900 snos,
1123 3827 1244 3890 seilicet

214 3944 374 4018 raptorem
396 3933 511 3998 sororis
532 3953 589 3996 sue
610 3933 737 3998 nomine
752 3933 930 4008 Nicolaum,
952 3943 983 3999 et
1002 3936 1243 4020 paraltmphum,

215 4047 365 4112 uidelicet
373 4044 583 4110 Karachinum
595 4043 707 4119 alium,
729 4051 761 4108 et
776 4045 855 4110 atim
870 4045 995 4118 aedues
1008 4048 1133 4129 sponsi,
1154 4047 1245 4112 uide-

212 4158 303 4224 iicet:
326 4159 451 4232 Tecum,
470 4155 677 4231 Mnahcriam,
699 4157 865 4236 Urbanum,
886 4135 1244 4234 Poman,Petn,1ioch‚

216 4270 434 4348 Miohctienm,
459 4267 569 4346 Iacob,
595 4266 728 4346 Minium,
756 4269 864 4334 Nicen.
897 4269 955 4334 scd
981 4268 1243 4336 mucurisin
