2920 4758
622 1191 743 1284 illu
766 1191 824 1281 111.
849 1189 971 1278 lillili

569 1380 1024 1470 nlnbn'rns

282 1517 286 1524 Ι
320 1560 564 1626 POPULORUM
583 1562 790 1628 ECCLESIAE
812 1559 1279 1640 QUlNQUEECCLESlENSlS.

730 1703 868 1766 llCllCl.

443 1875 466 1926 Ε
478 1880 622 1926 transumtc
634 1874 785 1926 monasterii
797 1872 982 1939 Simigbieusis
999 1888 1065 1924 auno
1082 1872 1153 1926 1404.

365 2151 405 2215 Ut
426 2152 499 2234 quia
520 2159 717 2214 sacrosancta
739 2151 790 2213 dei
814 2149 961 2225 ecclesia,
982 2157 1082 2212 mater
1097 2149 1260 2232 religionis
1283 2158 1314 2212 et

254 2265 359 2329 ‚fidel
385 2265 573 2338 christiane,
605 2264 755 2346 quoniam
783 2281 891 2326 ornnes
915 2261 997 2325 iuste
1022 2261 1187 2326 credentes
1210 2262 1313 2344 penali

283 2380 398 2442 liberat
412 2397 429 2440 a
445 2378 606 2462 gehenna,
629 2385 661 2440 et
681 2395 700 2440 a
720 2375 810 2440 malis
824 2375 1058 2438 imminentibus
1077 2375 1196 2456 pariter
1208 2375 1241 2438 in
1255 2375 1316 2436 bac

281 2492 349 2554 uita
364 2490 537 2554 calamitosi
558 2489 732 2552 nexamiuis
753 2497 783 2552 ct
804 2487 998 2571 perangariis
1013 2487 1100 2549 exuit
1114 2494 1145 2549 et
1159 2485 1314 2561 defendit,

281 2603 398 2663 idcirco
412 2609 611 2664 sacrosancte
625 2599 786 2664 libertates
804 2607 835 2662 et
849 2599 1061 2662 immunitates
1075 2617 1094 2660 a
1107 2599 1223 2662 uostris
1237 2619 1313 2681 pro·

284 2712 480 2796 genitoribus
503 2713 662 2795 elamitas,
685 2721 778 2794 prout
799 2731 840 2776 cx
859 2711 965 2773 multis
986 2710 1158 2794 priuilegiis
1172 2711 1315 2774 ciusdem

284 2823 415 2888 ecclesie
429 2824 622 2906 inspeximus
642 2832 673 2886 et
696 2823 894 2904 collegimus,
915 2822 1008 2884 nobis
1023 2841 1172 2884 unacum
1187 2823 1314 2884 dominc

283 2943 316 2998 et
329 2935 525 2998 sanctissimo
540 2943 630 3017 patre
648 2942 758 2997 nostro
772 2933 933 2996 cardinale
948 2932 1133 2996 Prenestiuo
1153 2933 1315 3008 exhibitis,

280 3048 422 3131 presenti
437 3055 542 3110 nostre
557 3048 726 3110 maiestatis
742 3048 870 3110 decreto
884 3045 1030 3108 duximus
1044 3047 1246 3122 inserendus,
1267 3046 1315 3108 ui·

283 3179 359 3242 gere
376 3167 530 3241 perpetuo
546 3159 724 3221 duraturas.
1226 3173 1229 3177 ·

279 3309 283 3314 -
364 3267 413 3354 (1)
442 3271 547 3333 Prima
571 3266 698 3332 libertas
718 3269 912 3352 populorum
947 3268 1082 3334 ecclesie
1106 3271 1206 3333 sancti
1229 3271 1314 3334 Petri

282 3383 433 3468 principis
448 3380 661 3465 apostolorum
675 3380 735 3442 bec
748 3389 814 3444 est:
836 3389 870 3443 ut
884 3381 985 3444 omnis
999 3381 1135 3464 populus
1151 3381 1314 3465 Quinque·

283 3495 485 3560 ecclesiensis
500 3493 646 3567 ecclesie,
668 3493 735 3556 siue
756 3494 795 3556 sit
816 3493 930 3557 nobilis
952 3495 1077 3578 iobagio
1092 3493 1226 3558 ecclesie
1241 3514 1314 3570 sue,

282 3610 399 3690 hospes
413 3605 466 3668 uel
481 3605 574 3679 ciuis,
595 3625 652 3668 seu
668 3604 895 3669 condicionalis
911 3606 1127 3688 cuiuscunque
1144 3607 1316 3682 seruitutis,

284 3720 447 3784 collectam
468 3719 522 3780 uel
543 3717 648 3782 taliam
670 3717 703 3780 in
724 3725 834 3782 nostro
856 3737 956 3800 regno
978 3735 1036 3800 pro
1052 3725 1196 3801 tempore
1212 3739 1316 3782 emcr-

284 3839 427 3915 gentem,
448 3849 507 3892 nec
520 3830 610 3892 nobis
626 3849 685 3892 nec
700 3829 815 3892 uostris
827 3829 999 3892 baronibus
1021 3829 1146 3893 soluere
1160 3837 1316 3906 teneatur,

283 3943 341 4006 sed
355 3941 414 4005 soli
434 3941 581 4024 episcopo
596 3949 629 4004 et
643 3941 776 4004 ecclesie
792 3941 885 4004 cedat
899 3941 968 4004 talis
984 3941 1118 4004 exactio.
1140 3950 1171 4005 et
1192 3943 1315 4024 episco-

282 4075 343 4141 pus
357 4052 706 4138 Quinqueecclcsiensis
731 4053 1003 4118 excommunicare
1026 4054 1140 4137 possit,
1162 4073 1237 4118 suos
1258 4075 1315 4138 po·

283 4167 375 4250 pulos
394 4171 504 4230 contra
522 4165 584 4230 boc
603 4172 774 4230 nexantem
796 4165 963 4230 indultum.
995 4173 1027 4231 ct
1045 4165 1248 4230 nibilominus
1267 4168 1316 4230 ui-

283 4278 362 4368 giuti
385 4297 561 4345 marcarum
585 4297 668 4365 pene
686 4278 841 4355 subiacet,
868 4278 929 4364 ipsi
952 4277 1085 4344 ecclesie
1106 4279 1230 4364 penitus
1250 4280 1315 4346 sol·
