2920 4758
168 386 186 444 ·'
417 406 825 462 consonano-sanonum.
858 392 952 462 usa
1028 409 1031 418 “
1137 389 1200 462 m

209 610 212 617 ι
251 567 301 654 (7)
319 568 481 636 Tinieusis
492 573 661 653 opiscopus
681 569 797 632 habeat
817 569 925 634 sedem
940 567 1077 631 suumin
1091 567 1203 643 Tonin,

168 693 203 750 et
216 685 334 748 haheat
353 685 410 748 has
425 685 606 766 parochias:
630 683 746 757 Tenis,
772 681 942 764 Campum,
964 681 1203 756 Verchaoccam

168 797 256 859 Pset.
359 833 361 837 ·
414 825 415 830 ¹
941 832 945 840 -

185 915 187 917 ’
206 952 208 958 ·
256 905 303 990 (8)
326 907 544 992 'lingoniensis
558 907 727 990 episcopus
737 905 853 970 habeat
862 906 920 968 has
930 907 1112 988 parochias:
1127 908 1204 968 Tra·

167 1019 313 1102 gotium,
328 1017 422 1092 *arta
443 1009 627 1084 Siheuicom
643 1025 675 1082 et
688 1025 786 1081 totum
802 1018 984 1080 comitatum
1000 1017 1140 1100 Zagorie.

168 1167 171 1172 -
255 1127 301 1211 [95
323 1129 550 1192 Scardouensis
573 1130 740 1211 episcopus
767 1129 883 1192 habeat
902 1129 1110 1204 Scardonam,
1137 1131 1205 1192 Bn-

169 1243 240 1316 ber,
263 1239 463 1322 Beigmdom,
485 1259 557 1304 eum
570 1241 792 1323 totasidraga.

256 1349 326 1432 (¹10)
347 1351 501 1419 dionensis
525 1352 690 1434 episcopus
714 1352 831 1416 habeat
853 1345 990 1428 Nouam,
1022 1361 1120 1416 totam
1142 1355 1204 1417 Lu·

168 1481 241 1527 cam
257 1471 290 1526 et
301 1463 504 1528 medietatem
518 1462 603 1524 Lice·
964 1485 965 1488 ¹

256 1572 322 1656 (tt)
336 1575 508 1657 Signicusis
521 1575 688 1657 episcopus
698 1575 815 1642 haheat
825 1577 1032 1639 sedem-suam
1043 1578 1076 1641 iu
1088 1577 1204 1660 Signia,

170 1693 207 1750 ot
227 1686 345 1750 habeat
368 1679 426 1748 has
452 1685 633 1768 parochias:
664 1687 820 1768 Signiam,
848 1688 1029 1750 Ketschiam
1054 1695 1150 1753 totam
1171 1697 1205 1752 et

171 1799 376 1861 medietatem
392 1799 477 1861 Lice.
525 1821 528 1826 “
903 1829 904 1832 “

259 1907 323 1992 tta)
346 1910 566 1973 Conbauiensis
594 1911 761 1992 episcopus
785 1911 898 1976 haheat
921 1915 1031 1976 sedem
1054 1903 1146 1977 suam
1170 1913 1205 1978 in

170 2019 346 2095 Gorbauia,
369 2029 400 2084 et
414 2020 528 2084 haheat
543 2021 600 2083 has
618 2021 808 2104 parochiam·
823 2023 1028 2098 corbanam,
1049 2025 1207 2100 Vinodsi,

170 2133 312 2206 Russau,
332 2131 507 2214 Nouigrad‚
528 2133 673 2206 Premis,
690 2133 764 2194 Plas
781 2141 814 2195 et
832 2133 1040 2202 Modmssam.
1095 2173 1098 2176 -

166 2275 170 2282 ·
258 2241 323 2326 (13)
346 2244 513 2310 Phocensis
528 2244 695 2326 episcopus
709 2245 824 2307 habeat
838 2246 948 2307 sedam
963 2255 1052 2306 suam
1066 2245 1098 2306 iu
1113 2247 1204 2322 Phar,

172 2363 208 2419 ot
229 2356 345 2418 habeat
365 2355 423 2419 has
446 2355 628 2436 parochias:
651 2355 742 2430 Phar,
763 2357 906 2418 Boaciam
926 2363 959 2418 et
973 2356 1107 2432 Lissam,
1129 2357 1206 2420 Cor·-

173 2484 297 2540 cesam,¹
318 2467 442 2527 Lastam
459 2474 491 2527 ot
504 2465 634 2540 Motcer,
656 2474 688 2528 et
702 2473 800 2528 totam
815 2465 970 2530 Ciuicam.
988 2511 990 2516 -
1038 2513 1040 2518 .

253 2575 325 2658 »(1ῐι]
347 2575 488 2638 Ecclesia
507 2597 586 2639 nero
605 2597 630 2639 s.
642 2576 792 2658 Stephani
813 2578 894 2659 regis
917 2587 949 2642 et
964 2579 1083 2666 capelle
1097 2588 1205 2644 nostae

172 2689 208 2752 iu
229 2687 353 2750 honora
373 2687 537 2750 aloannia
559 2687 770 2770 euangelista,
793 2704 887 2770 quam
908 2709 966 2750 nos
989 2707 1085 2752 manu
1098 2698 1206 2764 nostra

175 2799 433 2862 consecrauimus
451 2799 533 2861 hano
554 2798 955 2874 ordinacionem-fecimus,
977 2802 1063 2881 quod
1083 2803 1113 2862 ei
1133 2807 1207 2882 post

177 2911 451 2992 archiepiscopum
473 2909 576 2974 nullus
597 2910 711 2991 presit,
732 2910 793 2972 uisi
811 2911 959 2972 sacerdos
979 2911 1011 2972 ei
1033 2909 1207 2986 or'diaatus,

176 3024 228 3084 cui
243 3023 301 3085 hos
323 3023 464 3084 redditus
480 3022 639 3084 communi
659 3020 820 3084 uoluntate
843 3022 975 3086 fratrum
995 3023 1039 3084 ihi
1057 3024 1207 3087 assisten-

177 3135 261 3196 cium
277 3133 508 3197 concessimus:
524 3132 650 3200 udaeam
667 3151 761 3196 unam
777 3132 809 3196 in
821 3133 915 3208 Biaoi,
929 3154 1024 3217 quam
1038 3137 1206 3217 aquodam

177 3246 365 3329 Traguriuo,
386 3245 450 3309 filio
466 3246 594 3315 Firmini
609 3245 821 3330 Calogemgii,
843 3245 966 3308 iusticia
984 3247 1137 3323 dictante,
1157 3248 1206 3310 iu-

177 3357 260 3419 dicio
280 3357 456 3432 Pirsemiri‚
486 3365 561 3419 tuuc
582 3357 726 3439 Tragurii
751 3358 878 3420 comitis
893 3359 1081 3440 recepimus.
1118 3359 1205 3422 cuius

177 3488 272 3532 cause
297 3467 473 3550 prestaidus
498 3476 556 3530 est·
571 3469 671 3533 Genua
699 3469 781 3534 fitius
807 3469 969 3552 Cypriani,
998 3478 1094 3534 testes
1115 3479 1204 3534 sunt:

174 3583 288 3643 Petms
302 3581 435 3662 iupauus
454 3580 541 3642 filius·
552 3580 725 3662 Gregorelli
745 3589 777 3642 et
791 3581 943 3644 Martinus
959 3582 998 3644 de
1013 3583 1205 3658 Benedicite‚

177 3700 209 3754 et
224 3691 275 3754 alii
290 3691 502 3774 quamplures.
525 3699 557 3754 et
566 3692 673 3754 itidem
685 3693 716 3754 in
728 3693 813 3754 Bi-aci
824 3701 940 3754 terram
951 3695 992 3756 ad
1004 3695 1083 3757 duos
1095 3695 1205 3770 boues,

175 3804 293 3866 bouem
309 3811 340 3865 et
353 3823 494 3866 uaccam.
517 3807 680 3868 statuimus
693 3804 849 3887 siquidem
867 3812 902 3866 ut
915 3804 991 3867 nulii
1007 3805 1133 3869 omuino
1147 3807 1207 3870 ho-

176 3915 297 3976 miuum
310 3915 403 3976 liceat
417 3915 499 3978 hauc
515 3917 659 3998 paginam
674 3924 779 3978 nostre
795 3916 1031 3980 constituciouis
1046 3925 1078 3981 et
1092 3918 1207 3981 coufir-

176 4026 327 4091 macionis
341 4027 533 4110 iufringere,
552 4026 604 4090 uel
619 4027 649 4090 ei
663 4027 858 4110 aliquatenus
875 4029 1041 4092 contraire.
1062 4029 1206 4111 quisquis

175 4159 254 4202 uero
269 4159 347 4202 ausu
362 4139 526 4202 temerario
540 4138 573 4202 id
587 4139 692 4202 facero
708 4140 925 4216 attentauerit,
954 4141 1206 4224 indignacionem

177 4249 402 4334 omnipotentis
427 4250 478 4315 dei
499 4257 531 4315 et
550 4257 691 4315 nostram
714 4257 746 4315 et
765 4250 897 4315 fratrum
917 4258 1096 4314 nostrorum
1110 4249 1207 4317 male·
