2924 4758
197 345 225 391 s.
239 342 395 394 srarnaru
408 341 499 388 naurs
513 341 553 389 os
568 341 678 389 noenu
691 342 906 390 msrrrorrorn
924 343 1027 390 arasa.
1044 323 1131 412 (rur.)
1172 325 1234 402 307

196 495 340 578 pellendi
357 493 536 570 aeonsiliis‚
555 495 683 578 quocies
699 515 776 558 uero
791 516 862 560 cum
876 495 937 559 iltis
952 496 1116 560 eonsilium
1131 496 1241 578 inibis,

195 608 304 670 eciam
325 605 352 668 si
369 607 408 668 sit
423 605 543 679 babile,
564 613 670 668 tamen
690 627 815 688 semper
829 607 870 668 ad
885 607 1019 671 maiores
1035 607 1176 681 deferas,
1198 615 1234 670 ut

196 737 313 780 omnes
328 725 415 779 actus
430 723 500 779 tuos
514 736 625 781 norma
640 717 799 801 sapiencie
815 738 986 782 mensures.

266 941 267 944 ’
286 937 467 1001 Carinarum
482 937 561 999 VIII.
607 938 692 1014 Quod
705 939 831 1010 maiores
847 937 962 1001 imitari
975 941 1112 1012 debeant,
1137 951 1163 1002 et
1178 941 1233 1021 filit

196 1053 338 1112 obediant
354 1052 535 1132 pareatibus.
571 1049 716 1112 'Imitacio
733 1033 886 1113 maiorum
906 1050 939 1114 in
958 1051 1058 1132 regali
1079 1050 1231 1132 dignitate

129 1161 131 1164 ’
197 1171 351 1256 octauum
376 1161 518 1244 possidet
545 1157 660 1222 locum.
699 1163 805 1244 regale
832 1169 1051 1226 ornamentum
1076 1161 1136 1224 scis
1161 1183 1232 1226 esse

196 1273 374 1360 maximum
396 1281 629 1337 antecessorum
650 1274 742 1356 sequi
762 1270 866 1356 leges,
896 1283 927 1337 et
948 1275 1097 1338 honestos
1118 1275 1233 1337 imitari

198 1392 361 1468 parentes.
393 1383 448 1466 qui
463 1383 545 1446 enim
560 1391 796 1446 antecessorum
813 1385 939 1446 decreta
957 1385 1077 1466 spernit
1093 1394 1231 1466 patrum,

198 1515 263 1556 nec
285 1493 407 1556 diuinas
426 1501 575 1574 procurat
594 1494 692 1576 leges.
718 1495 751 1556 id
767 1493 849 1556 enim
866 1495 949 1558 circo
965 1504 1038 1558 sunt
1055 1503 1177 1576 patres,
1197 1501 1233 1558 ut

199 1606 341 1668 nutriant
360 1604 457 1678 filios,
478 1604 614 1686 ideoque
635 1611 707 1667 sunt
727 1604 799 1680 filii,
821 1613 855 1668 ut
870 1605 1018 1668 obediant
1040 1607 1231 1686 parentibus.

200 1717 258 1798 qui
279 1716 360 1797 patri
382 1735 438 1777 suo
459 1713 592 1789 resistit,
613 1715 756 1778 inimicus
772 1716 822 1777 dei
838 1715 988 1778 consistit.
1018 1736 1127 1778 omnes
1148 1717 1232 1777 enim

198 1828 419 1890 inobedientes
442 1837 514 1890 sunt
534 1827 595 1888 deo
617 1827 809 1888 resistentes.
839 1827 964 1906 spiritus
980 1826 1108 1908 quidem
1122 1827 1233 1888 iuobe-

200 1937 327 2000 diensis
343 1937 495 2022 dispergit
516 1937 609 1998 flores
630 1955 757 2012 corone,
784 1937 1003 1999 inobedienoia
1025 1937 1108 1998 enim
1123 1944 1171 1998 est
1184 1944 1233 1999 to-

199 2048 267 2108 cius
281 2048 371 2128 regni
386 2045 580 2128 pestilencia.
609 2055 779 2138 propterea
792 2045 837 2108 tili
853 2046 1028 2109 carissime!
1061 2039 1163 2110 edicta
1177 2069 1233 2128 pa·

199 2159 255 2219 tris
271 2159 330 2232 tui,
352 2157 471 2223 scilicet
487 2155 566 2231 mei,
588 2177 713 2238 semper
726 2157 781 2218 tibi
797 2155 859 2220 sint
874 2166 1073 2237 promtuosa,
1094 2163 1130 2218 ut
1142 2177 1233 2238 pros-

199 2267 318 2349 peritas
332 2275 386 2338 tua
401 2246 517 2348 ubique
532 2266 690 2348 regalibus
706 2247 856 2348 dirigatur
870 2267 1012 2328 habenis.
1042 2285 1146 2328 mores
1163 2265 1232 2348 qui-

201 2379 274 2450 dem
289 2399 388 2452 meos,
403 2398 483 2460 quos
497 2377 596 2460 regali
610 2377 699 2440 uides
715 2377 886 2440 conuenire
903 2376 1059 2458 dignitati,
1081 2377 1148 2438 sine
1162 2377 1232 2439 uin-

202 2489 273 2552 culo
286 2469 388 2579 tocius
404 2487 613 2568 ambiguitatis
629 2507 774 2568 sequere.
796 2507 891 2567 graue
907 2487 990 2549 enim
1005 2487 1061 2548 tibi
1076 2493 1123 2550 est
1133 2487 1230 2549 buius

202 2599 333 2662 climatis
352 2608 461 2661 tenere
483 2617 629 2679 regnum,
659 2597 720 2658 nisi
741 2595 879 2659 imitator
901 2597 1135 2658 consuetudinis
1158 2605 1230 2658 ante

200 2711 403 2794 regnancium
428 2693 569 2772 extiteris
593 2728 713 2790 regum.
741 2708 810 2788 quis
833 2727 946 2789 grecus
968 2715 1094 2789 regeret
1114 2708 1228 2770 latinos

201 2823 302 2904 grecis
317 2822 474 2894 moribus,
496 2827 550 2882 aut
564 2820 632 2901 quis
647 2817 760 2880 latinus
774 2820 901 2900 regeret
915 2837 1024 2899 grecos
1039 2819 1142 2882 latinis
1162 2837 1230 2878 mo-

200 2934 296 2995 ribus.
326 2931 442 2994 idcirco
463 2931 706 2994 consuetudines
727 2935 864 3012 'sequere
886 2948 983 3003 meas,
1006 2936 1041 2990 ut
1061 2927 1142 2990 inter
1160 2936 1229 2990 tuos

199 3043 345 3104 habearis
360 3041 532 3124 precipuus
547 3051 578 3104 et
593 3029 663 3104 ante
679 3027 798 3102 alienos
814 3038 988 3101 laudabitis.
1083 3041 1088 3044 ’

284 3264 465 3326 Carlrunuu
485 3263 538 3324 IX.
570 3265 614 3324 De
629 3263 830 3324 observacione
843 3262 1002 3323 credonis.
1036 3253 1229 3321 Obseruacio

201 3373 355 3436 oracionis
376 3374 513 3436 maxima
529 3373 679 3456 aquisicio
694 3382 743 3436 est
763 3373 878 3462 regalis
899 3371 1016 3444 salutis,
1039 3379 1070 3432 et
1083 3369 1157 3432 ideo
1172 3353 1230 3431 no-

200 3503 294 3557 num,
316 3483 348 3544 in
369 3485 501 3546 nonaria
523 3483 610 3564 regie
634 3465 800 3564 dignitatis
817 3483 901 3544 canit
925 3469 1058 3562 regula:
1081 3467 1230 3542 continua

201 3595 308 3658 oracio
330 3601 378 3656 est
397 3603 600 3676 peccatorum
621 3593 745 3656 ablucio
760 3591 986 3656 uel'remissio.
1014 3599 1048 3654 tu
1063 3597 1168 3652 autem
1185 3588 1231 3653 fiii

200 3707 256 3780 mi,
271 3701 523 3787 quotiescunque
539 3705 579 3790 ad
594 3701 744 3784 templum
759 3703 811 3766 dei
826 3704 939 3776 curris,
961 3710 994 3764 ut
1006 3703 1100 3765 deum
1116 3701 1242 3764 adores·

201 3834 272 3876 cum
284 3793 454 3877 Salomone
466 3815 530 3876 [iiio
544 3795 639 3898 regis,
654 3821 685 3876 et
699 3813 766 3894 ipse
780 3833 836 3875 rex
844 3858 854 3888 ,
868 3833 993 3892 semper
1007 3811 1108 3874 dicas:
1123 3802 1229 3875 emitte

201 3927 326 3988 domine
348 3927 541 4008 sapienciam
563 3927 602 3987 de
625 3925 701 3988 sede
722 3923 945 4007 magnitudinis
967 3929 1020 3986 tue
1028 3966 1037 3998 ,
1058 3929 1094 3986 ut
1106 3941 1230 3984 mecum

200 4035 240 4099 sit
261 4045 293 4098 et
314 4057 440 4098 mecum
458 4035 597 4110 laboret,
619 4043 654 4098 ut
667 4035 763 4098 sciam
778 4034 854 4118 quid
876 4037 1041 4126 acceptum
1061 4030 1102 4095 sit
1123 4049 1230 4092 coram

199 4154 231 4211 te
254 4133 339 4210 omni
363 4155 517 4232 tempore.
548 4146 736 4224 etiterum:
765 4143 890 4242 domine
912 4125 1002 4230 pater
1022 4134 1054 4210 et
1068 4143 1146 4206 deus
1164 4141 1229 4208 uite
