2904 4754
141 451 234 500 anun
248 450 291 499 rr.
304 449 395 498 neers
408 448 558 496 narraras
572 449 758 497 roronoamr
771 449 954 497 munusturi.
985 428 1074 496 tibi.
1115 429 1177 498 tet

141 608 217 670 liter
229 607 312 668 freta
325 604 401 679 fuit,
423 611 455 667 et
467 604 617 686 precipue
631 605 714 668 beati
730 589 816 687 regis
829 604 998 686 Stephani,
1019 604 1073 686 qui
1088 603 1177 686 prius

142 719 247 802 ipsam
268 716 411 779 fundauit
430 723 461 779 et
482 713 615 788 dotauit,
636 715 953 796 possessionibusque
967 713 1108 796 plurimis
1130 711 1178 776 di-

143 828 241 902 tauit,
262 845 299 888 ac
311 825 508 890 libertatibus
528 831 559 888 et
578 825 757 890 libertatum
770 825 981 907 prerogatiuis
1002 823 1178 906 specialiter

143 938 325 1010 decorauit,
345 937 460 1000 nostris
482 937 593 1000 diebus
612 944 644 999 et
667 935 860 1016 temporibus
877 937 991 1000 debeat
1012 937 1178 1004 uacillare:

143 1069 185 1112 ea
205 1048 432 1120 enumerando,
453 1067 516 1129 qne
538 1047 732 1127 temporibus
755 1047 942 1112 successiuis
961 1049 993 1110 in
1008 1049 1180 1114 detrimen

144 1169 213 1224 tum
227 1165 401 1220 memorate
416 1156 547 1223 ecclesie
561 1158 651 1238 oergi
666 1165 811 1238 possunt,
832 1158 999 1240 priuilegia
1011 1159 1109 1242 ipsius
1123 1179 1180 1224 an·

144 1272 277 1354 tiquitus
299 1273 442 1343 obtenta,
466 1279 497 1332 et
518 1289 573 1350 per
597 1287 795 1352 consequens
814 1268 982 1345 libertates,
1004 1278 1036 1334 et
1051 1270 1180 1335 liberta-

144 1393 212 1448 tum
226 1383 443 1464 prerogatiuas
458 1383 655 1456 innodantes,
671 1401 742 1444 oum
756 1381 984 1446 ratihabitione
999 1384 1180 1448 omnimoda

146 1495 368 1558 confirmamus
382 1495 543 1556 innouata.

233 1608 293 1680 (1)
314 1607 421 1688 ltaque
435 1605 527 1668 firmo
542 1606 705 1668 statuimus
720 1605 833 1680 edicto,
855 1607 940 1689 quod
954 1607 1059 1688 prouti
1073 1627 1092 1669 a
1107 1628 1179 1690 pro·

146 1717 342 1802 genitoribus
366 1717 480 1780 nostris
505 1717 644 1798 primitus
668 1717 727 1780 luit
750 1719 943 1792 ordinatum,
971 1720 1051 1782 sicut
1070 1720 1180 1784 iobba·

147 1850 268 1914 gyones
281 1837 343 1892 tam
357 1829 488 1904 nobiles,
510 1830 872 1910 quamcondicionarios
890 1831 1032 1894 eiusdem
1047 1833 1178 1896 ecclesie

147 1962 213 2005 non
235 1951 377 2004 tenemur
397 1941 555 2015 iudicare,
583 1943 628 2004 sio
650 1959 711 2018 nec
729 1941 866 2005 heredes
890 1943 1008 2017 nostri,
1035 1944 1125 2006 nobis
1146 1945 1179 2006 in

146 2071 249 2134 regno
263 2051 479 2124 succedentes,
498 2071 559 2113 nec
573 2049 732 2114 Palatinus
754 2071 811 2132 pro
825 2059 968 2134 tempore
984 2055 1179 2128 constitutus,

146 2180 208 2226 nec
223 2181 329 2223 eomes
344 2161 473 2224 alicuius
488 2162 581 2225 castri
594 2183 652 2226 seu
666 2162 865 2244 parochialis,
883 2183 942 2224 nee
956 2163 1076 2225 iudices
1091 2165 1180 2226 nobi·

146 2273 224 2336 lium
240 2292 499 2354 quorumcunque
522 2275 742 2348 comitatuum,
764 2283 795 2336 et
809 2273 998 2356 generaliter
1012 2273 1115 2337 nullus
1131 2276 1180 2338 iu-

148 2386 253 2449 dicum
274 2383 327 2446 uel
347 2383 588 2446 iusticiar'iorum
609 2385 697 2467 regni
711 2385 826 2460 nostri,
847 2405 1037 2469 quocunque
1052 2388 1179 2450 nomine

147 2497 273 2558 honore
299 2502 330 2557 et
355 2495 504 2577 dignitate
530 2493 725 2578 prefulgeat,
756 2517 853 2578 super
878 2497 982 2580 aliqua
1005 2517 1114 2573 causa,
1146 2505 1181 2560 ut

148 2615 226 2690 puta
246 2627 341 2688 super
359 2607 456 2680 furto,
474 2607 640 2670 latrocinio
663 2607 715 2671 uel
735 2608 768 2668 in
782 2618 925 2683 moneta,
945 2609 1181 2691 etgeneralitcr

148 2739 246 2801 super
260 2717 352 2780 nullis
367 2735 532 2780 causarum
548 2718 695 2792 articulis
716 2721 800 2800 ipsos
815 2721 929 2801 possit,
952 2722 1065 2783 debeat
1078 2729 1109 2784 et
1123 2741 1179 2785 au·

150 2831 224 2894 deat
245 2829 402 2904 iudicare,
425 2837 558 2912 excepto
579 2849 636 2905 eo,
657 2832 743 2913 quod
758 2832 783 2892 si
798 2833 906 2913 populi
922 2841 952 2894 et
965 2833 1179 2914 iobbagyones

150 2939 282 3005 ecclesie
306 2950 405 3004 terras
432 2959 612 3003 communes
637 2961 707 3002 cum
733 2941 801 3004 aliis
829 2943 954 3024 populis
981 2943 1179 3006 diuersarum

150 3053 371 3116 condicionum
390 3051 573 3126 habuerint,
594 3059 625 3114 et
642 3051 766 3134 questio
789 3053 828 3116 de
848 3051 1004 3115 diuisione
1022 3061 1178 3117 terrarum

151 3173 222 3229 orta
237 3163 347 3237 fuerit,
368 3171 442 3226 tunc
456 3184 513 3224 rex
529 3163 580 3225 uel
594 3164 697 3225 uicem
711 3183 799 3226 suam
814 3184 927 3246 gerens
942 3165 1042 3246 ipsos,
1064 3163 1089 3225 si
1104 3183 1180 3225 con·

149 3280 250 3340 sortes
271 3275 412 3338 eiusdem
434 3275 495 3338 litis
514 3273 648 3347 fuerint,
669 3255 761 3336 simul
776 3294 846 3336 cum
867 3271 933 3336 aliis
947 3274 1086 3356 poterint
1099 3275 1180 3338 iudi.-

149 3409 235 3451 care.
264 3395 295 3450 et
315 3387 458 3450 similiter
478 3385 512 3448 in
530 3385 597 3448 aliis
620 3387 722 3448 causis
743 3385 898 3459 omnibus,
920 3405 982 3468 que
996 3393 1093 3449 totam
1107 3407 1180 3468 pro·

149 3499 285 3562 uinciam
308 3506 489 3582 tangerent,
509 3519 584 3571 rex,
605 3494 657 3560 uel
671 3498 710 3559 ab
726 3517 764 3560 ec
780 3498 905 3572 missus,
934 3497 1020 3578 ipsos
1035 3517 1106 3558 cum
1128 3517 1181 3560 ce·

149 3611 224 3681 teris
240 3631 350 3674 eorum
364 3609 682 3691 comprouincialibus
696 3609 822 3671 iudicet.
841 3609 874 3670 in
889 3608 957 3672 aliis
968 3617 1071 3671 autem
1082 3609 1182 3672 maio·

148 3722 236 3786 ribus
257 3731 289 3784 et
306 3721 433 3784 minutis
456 3721 569 3794 causis,
591 3729 621 3782 et
643 3717 833 3801 generaliter
854 3719 887 3779 in
909 3718 1063 3792 omnibus,
1084 3717 1180 3782 solius

73 3849 74 3854 ’
150 3833 301 3918 prepositi
322 3853 393 3894 cum
409 3831 556 3913 capitulo,
578 3831 630 3894 uel
646 3830 775 3902 decani,
797 3836 851 3891 aut
865 3827 1044 3892 officialium
1066 3849 1181 3892 eorun-

149 3945 234 4019 dem,
254 3943 469 4026 iobbagyones
490 3953 520 4006 et
535 3941 642 4025 populi
655 3941 755 4026 ipsius
770 3939 902 4003 ecclesie
916 3936 1041 4003 adstare
1050 3927 1087 4002 in
1099 3939 1182 4002 iudi·

149 4056 198 4119 cio
214 4062 391 4118 teneantur.

233 4167 294 4243 (2)
316 4165 348 4229 Si
374 4147 503 4250 quidem
525 4165 559 4228 in
580 4164 744 4230 reddenda
766 4163 859 4229 alicui
882 4163 1005 4228 iusticia
1022 4161 1109 4244 ipsos
1128 4181 1182 4226 su·

150 4285 276 4371 spectes
293 4277 413 4348 habere
436 4285 637 4359 crementur,
659 4279 700 4345 ob
714 4277 893 4350 huiusmodi
907 4273 1094 4368 suspicionis
1109 4294 1183 4347 cau·
