3048 4760
287 427 348 491 tto
481 445 610 492 annana
630 445 676 492 ιιι.
696 445 787 490 susis
808 443 984 490 secururs.
1027 425 1117 488 1291.

286 605 390 662 torum
417 599 653 682 progenitorum
676 605 870 673 nostrorum,
899 617 1010 681 regum
1033 595 1202 660 illustrium
1224 595 1314 660 Hun-

288 709 392 794 garie,
414 711 565 795 uestigia,
586 731 644 793 pro
659 709 788 774 modulo
802 717 834 773 et
847 730 906 792 pro
920 729 1025 792 posse.

371 820 416 905 (3)
438 823 650 887 Promittimus
665 825 781 896 eciam,
796 824 881 906 quod
895 821 1062 905 dignitates
1077 829 1134 885 seu
1149 823 1314 886 comitatus

287 933 379 1018 regni
402 934 516 1010 nostri,
536 955 593 997 sen
615 943 733 1010 castra,
754 933 886 997 aduenis
909 934 962 997 uel
983 933 1171 1015 hospitibus,
1193 941 1246 996 aut
1258 955 1315 1018 pa·

290 1045 378 1128 ganis
399 1046 451 1108 uel
471 1045 671 1128 ignobilibus,
700 1055 731 1110 et
752 1045 813 1120 bis,
841 1045 895 1130 qui
913 1047 947 1108 1ιι
967 1064 1065 1128 regno
1087 1053 1195 1108 nostro
1216 1043 1315 1107 nocn-

289 1164 394 1220 menta
413 1157 595 1239 frequenter
612 1153 799 1233 intulerunt,
820 1153 998 1224 nullatenus
1020 1157 1257 1262 conterentem,
1254 1175 1315 1222 nec

290 1267 427 1331 consiliis
442 1270 555 1332 nostris
568 1255 722 1333 interesse
736 1271 965 1354 permittemus

371 1377 416 1461 (l)
437 1381 501 1443 Nec
517 1380 616 1442 eciam
637 1381 771 1444 barones
793 1401 866 1444 suas
886 1382 1078 1464 dignitates
1068 1402 1101 1445 ιιι
1116 1391 1202 1446 certa
1216 1401 1315 1466 quan-

288 1493 376 1556 titate
400 1493 548 1575 pecunie,
567 1493 688 1558 locare
694 1495 920 1577 permittemus.
946 1515 1007 1558 nec
1027 1493 1115 1559 uices
1137 1514 1226 1570 suas,
1247 1495 1314 1560 siue

288 1603 465 1667 iudicatus
456 1624 488 1666 ιιι
503 1603 652 1685 parocbia
666 1603 803 1667 conferri
817 1583 1007 1690 ignobilibus
1021 1605 1192 1686 paciemur.

374 1712 421 1795 (5)
440 1713 519 1777 Item
541 1716 689 1778 nullus'
664 1737 731 1778 srne
752 1715 931 1779 testimonio
947 1716 1154 1798 capitulorum
1170 1717 1222 1780 uel
1237 1737 1315 1781 cou-

289 1833 456 1900 uentuum,
482 1827 522 1890 ad
543 1829 739 1908 presenciam
761 1817 925 1892 curialium
948 1821 1097 1892 comitum
1117 1829 1170 1892 nel
1189 1831 1317 1894 nicero-

290 1939 400 2002 mitum
414 1937 502 2004 citari
517 1939 623 2022 possit.
651 1929 711 2002 nec
726 1926 995 2006 comes'iudicinm
1010 1941 1152 2024 recipere
1168 1949 1222 2004 ant
1234 1932 1317 2004 tudtss

290 2069 363 2114 care
377 2053 556 2134 presumat,
577 2053 696 2136 absque
712 2061 846 2134 quatuor
859 2039 1018 2116 nobilibus
1033 2053 1209 2117 nominatis.
1265 2066 1268 2070 ’

372 2161 420 2246 (6)
440 2165 519 2228 ltem
534 2156 743 2240 donaciones,
757 2185 819 2247 que
841 2185 899 2248 per
914 2165 1057 2228 dominos
1072 2165 1179 2229 Belam
1202 2173 1235 2230 et
1248 2167 1318 2231 Ste-

289 2275 444 2359 pbenum,
473 2275 606 2358 inclytos
629 2295 724 2358 reges
743 2275 922 2360 Hungarie,
953 2277 1094 2341 felicium
1116 2279 1318 2344 recordacio-

288 2409 381 2463 num,
401 2419 522 2449 --.
540 2432 549 2450 .
567 2432 576 2449 .
595 2381 773 2450 nullatenus
798 2384 1005 2464 reuocamus,
1036 2408 1107 2452 cnm
1130 2389 1227 2452 iidem
1252 2374 1319 2453 ure·-

290 2499 394 2564 diante
407 2497 529 2563 iusticia
542 2497 627 2562 lelioi
641 2517 787 2562 successu
803 2507 834 2562 et
849 2521 1002 2583 prospero
1013 2521 1145 2588 regnum
1156 2503 1318 2586 Hungarie

289 2609 553 2692 gubernauerint,
574 2618 607 2672 et
619 2609 737 2674 salubri
752 2627 879 2692 semper
894 2611 1026 2675 consilio
1041 2613 1159 2678 luerint
1171 2615 1233 2678 usi.
1314 2653 1317 2658 -

371 2718 419 2803 (7)
438 2723 502 2784 Nec
524 2721 585 2784 boc
608 2721 875 2805 pretermittimus,
897 2725 982 2806 quod
998 2726 1072 2806 quia
1092 2725 1238 2789 dominus
1259 2747 1316 2790 rex

288 2833 461 2909 Ladislsns,
481 2833 581 2897 trater
593 2841 710 2910 noster,
731 2835 764 2897 in
778 2842 861 2898 etate
879 2842 988 2898 tenera
999 2836 1106 2920 *luerat
1119 2829 1316 2913 constitutus,

289 2953 320 3012 et
339 2967 473 3030 regnum
487 2945 647 3030 Hungarie
663 2939 785 3040 Tartesi
804 2952 847 2994 -'-
861 2992 869 3008 .
882 2991 890 3008 .
902 2987 915 3010 .-
926 2948 1109 3030 frequenter
1123 2951 1317 3025 inusserunt,

289 3067 322 3123 et
335 3051 530 3144 quorundam
554 3057 706 3122 nobilium
726 3051 816 3142 regni
837 3060 938 3122 nostri
959 3068 1065 3140 patres
1084 3067 1115 3124 et
1133 3061 1264 3136 iratres,
1283 3063 1317 3123 in

288 3171 474 3234 defensione
494 3169 585 3254 regni
605 3167 678 3234 sunt
698 3156 893 3254 interempti,
915 3171 1106 3234 donaciones
1130 3192 1186 3254 pro
1203 3191 1317 3234 eorum

288 3267 430 3346 seruiciis
445 3283 610 3346 meritoriis
631 3303 687 3364 per
701 3275 838 3345 eundem
860 3301 969 3365 regern
984 3283 1163 3346 Ladislaum
1183 3285 1264 3348 iuste
1286 3291 1318 3348 ut

288 3394 340 3477 leg
322 3395 428 3456 citime
442 3393 551 3466 factas,
572 3394 658 3455 iuxta
673 3393 836 3457 consilinm
851 3395 1171 3506 archiepiscoporum,
1192 3397 1318 3480 episeo-

288 3503 401 3588 porum¹
416 3511 448 3567 et
463 3501 711 3567 consiliariorum
732 3513 910 3574 nostrorum
932 3524 991 3620 per
1004 3524 1138 3618 regnum
1153 3509 1319 3638 deputato·

288 3637 372 3690 rum,
394 3634 576 3679 consernurr
567 3615 749 3680 faciemus.

349 3723 421 3808 [8)
444 3725 640 3791 Collaciones
663 3748 742 3794 uero
766 3728 922 3792 indebitas
947 3739 979 3796 et
1002 3731 1143 3806 iniustas,
1174 3725 1318 3814 ternpore

287 3839 386 3924 ipsius
400 3837 535 3902 Ladislai
559 3840 643 3924 regis
665 3841 775 3914 factas,
803 3841 1025 3905 reuocabimus
1049 3843 1179 3930 consilio
1202 3833 1318 3906 eornnss

288 3953 371 4015 dem.
391 3951 453 4016 boc
473 3959 580 4016 tamen
594 3973 756 4035 expresso,
778 3953 864 4036 quod
885 3949 1074 4018 collationes
1097 3954 1220 4038 abipso
1241 3975 1318 4038 rege

287 4061 433 4128 Ladis'leo
450 4061 564 4139 'factas
585 4085 687 4148 usque
707 4065 823 4130 festum
843 4065 941 4131 sancti
962 4067 1046 4150 regis
1060 4065 1213 4150 Stephani
1234 4085 1319 4128 nunc

287 4183 474 4252 uenturum,
501 4175 586 4258 apud
606 4177 753 4253 eosdem,
781 4173 895 4260 quibus
918 4186 992 4242 sunt
1012 4176 1138 4252 collate,
1162 4177 1318 4302 ‘faciemus
