3048 4760
264 413 325 482 588
411 426 829 502 eossrrrorronsssmonm
849 425 1007 481 sorssors.
1051 409 1169 478 1279..

265 584 424 648 diecesani
447 603 504 648 seu
525 583 659 650 eliorum
683 583 881 664 superiorum
903 581 1066 646 arbitrium
1084 581 1292 670 satisfecerint

265 697 305 760 de
327 697 448 759 damnis
470 704 501 760 el
520 696 640 758 iniuriis
661 695 817 779 irrogatis,
838 695 1003 763 occasione
1025 693 1165 776 predicta
1183 714 1292 756 mona-

264 807 361 872 sterio
376 816 407 870 et
421 806 563 872 ecclesiis
577 807 721 889 prefatis,
743 815 775 869 et
793 813 866 868 tunc
879 825 914 870 se
928 805 1029 875 scient
1042 806 1293 878 excommunica-

265 919 365 982 cionis
389 917 550 984 sentencie
573 918 754 992 subiacere,
779 938 798 980 a
820 937 898 1008 qua,
925 917 1013 980 iuxta
1034 923 1140 997 tamen
1158 916 1309 985 formam'

265 1030 413 1104 ecclesie,
445 1051 502 1112 per
526 1030 711 1094 diocesanos
736 1029 948 1092 satisfactione
972 1029 1126 1109 premissa
1151 1035 1183 1102 et
1204 1027 1294 1096 soffi-
1350 1065 1352 1068 ·

266 1142 360 1206 clenti
378 1141 694 1222 prestitacaucione,
715 1143 802 1222 quod
823 1140 952 1202 ulterius
966 1139 999 1202 in
1014 1137 1126 1202 talibus
1141 1137 1193 1210 uel
1206 1139 1294 1202 simi-

264 1250 347 1316 libus
361 1271 424 1314 non
440 1252 594 1318 excedant
607 1253 729 1333 possint
744 1249 866 1316 absolui
880 1249 1031 1331 prelatos.

349 1358 414 1444 (51)
435 1363 578 1426 Presenti
593 1381 722 1444 quoque
734 1361 931 1424 declaramus
950 1368 1065 1424 statuto
1080 1366 1175 1442 atque
1189 1361 1294 1443 preci-

265 1474 385 1558 pimus,
406 1474 492 1556 quod
505 1493 694 1555 quecunque
709 1492 846 1554 persona
860 1471 1010 1536 secularis
1025 1472 1238 1554 cuiuscunque
1253 1473 1293 1538 sit

267 1583 474 1658 excellencie,
496 1583 652 1666 dignitatis
674 1591 728 1650 aut
747 1591 855 1658 statos,
881 1590 1158 1668 quantumcunque
1177 1583 1292 1647 libera-

221 1773 224 1792 Ι
265 1695 337 1758 liter
356 1701 388 1758 et
406 1693 548 1758 absolute
570 1695 736 1768 concedat,
758 1695 859 1756 donec
874 1695 977 1756 tradat
991 1714 1047 1756 seu
1061 1695 1228 1766 tradidisse
1240 1695 1293 1764 in.-

265 1804 418 1878 tenderit,
438 1805 492 1868 uel
505 1803 660 1878 intendat,
681 1803 816 1868 uoluerit
829 1805 881 1870 uel
900 1805 978 1871 uelit
995 1805 1219 1884 monasterinm
1233 1823 1293 1873 seu

268 1917 435 1992 ecclesias,
454 1917 487 1980 in
509 1917 621 1998 quibus
642 1915 692 1980 ius
711 1923 830 1992 tantum
850 1917 970 1981 obtinet
988 1924 1171 1998 patronatus
1186 1935 1294 1986 mona-

266 2028 368 2110 steriis
393 2027 446 2090 uel
469 2025 537 2092 aliis
560 2025 702 2090 ecclesiis
727 2027 921 2092 secularibus
942 2027 995 2091 uel
1019 2027 1216 2108 regularibus
1237 2045 1296 2090 seu

268 2139 508 2222 quibuscunque
529 2137 596 2200 aliis
616 2137 677 2220 piis
691 2137 768 2202 locis
782 2137 836 2200 uel
848 2139 995 2219 personis
1009 2137 1227 2210 ecclesiasticis
1241 2144 1296 2204 aut

266 2247 461 2312 secularibus
483 2247 561 2310 illud
574 2247 668 2312 iaciat
683 2255 714 2313 et
728 2247 833 2310 facere
848 2248 975 2324 debeat,
996 2250 1036 2313 de
1049 2248 1174 2312 illorum
1190 2226 1296 2312 diece-

267 2379 416 2424 sanorum
437 2379 494 2422 seu
513 2360 708 2440 prelatorum
724 2359 855 2421 licencia
875 2379 932 2422 seu
946 2379 1092 2434 assensu,
1113 2361 1295 2442 inquorum

268 2469 444 2532 diecesibus
469 2467 522 2532 uel
544 2468 760 2532 iurisdictione
786 2471 918 2534 ecclesie
941 2471 994 2534 uel
1014 2469 1296 2556 monasterialem

269 2581 452 2644 consistunt
489 2587 521 2643 et
540 2591 601 2644 tam
621 2581 763 2660 predicte
785 2601 936 2663 persone,
963 2601 1059 2664 quam
1078 2582 1295 2664 aliejpersoue

269 2690 480 2778 ecclesiastice
494 2690 657 2774 regulares
673 2699 727 2754 aut
740 2683 914 2764 seculares,
936 2693 1151 2774 cuiuscunque
1167 2693 1296 2768 ordinis,

269 2801 426 2884 dignitatis
441 2800 493 2864 uel
507 2809 614 2875 status,
629 2811 907 2884 quantumcunque
922 2801 1093 2866 liberaliter
1107 2813 1138 2868 et
1153 2803 1296 2881 absolute

269 2913 498 3002 concesserint,
526 2912 715 2976 donauerint
735 2913 786 2976 uel
807 2913 1008 2988 tradiderint,
1033 2922 1090 2978 aut
1106 2915 1297 2994 concedant,

270 3025 388 3112 donent
408 3023 462 3088 nel
482 3026 621 3100 tradant,
643 3045 701 3088 seu
717 3024 933 3104 concessisse,
956 3026 1104 3109 donasse,
1133 3027 1296 3106 tra-didisse

268 3137 459 3204 intenderint
476 3135 529 3200 uel
546 3136 727 3219 intendant,
747 3135 937 3198 monasteria
951 3135 1004 3198 uel
1018 3136 1165 3200 ecclesias
1179 3136 1215 3200 in
1227 3137 1298 3220 qui-

269 3251 328 3314 bus
351 3249 399 3312 ius
419 3256 540 3310 tantum
555 3247 885 3330 obtinetlpatronatus,
905 3247 983 3310 locis
999 3247 1051 3313 uel
1065 3249 1210 3329 personis
1225 3269 1299 3330 pre-

271 3360 360 3425 dictis
382 3357 460 3420 nihil
474 3358 559 3422 alind
572 3352 764 3436 intelligatur
778 3376 835 3418 seu
850 3366 1048 3440 presumatur
1062 3342 1223 3432 conferre,
1244 3365 1300 3422 aut

270 3473 370 3536 eciam
390 3469 559 3550 contulisse
581 3485 640 3530 nee
659 3487 812 3548 persone,
826 3477 887 3542 aut
905 3469 977 3530 loca
997 3470 1139 3554 predicta
1157 3469 1243 3552 aliud
1258 3489 1299 3534 ex

270 3583 441 3650 collacione
462 3579 644 3642 huiusmodi
662 3579 817 3660 recipere,
838 3580 891 3664 uel
911 3581 1176 3662 aquirerequam
1195 3581 1244 3644 ius
1265 3581 1299 3642 in

268 3696 381 3758 iisdem
403 3692 543 3756 ecclesiis
565 3711 621 3756 seu
644 3691 843 3768 monasteriis
864 3691 1100 3757 conferentibus
1114 3699 1299 3774 competens

269 3797 463 3890 patronatus.
484 3811 668 3890 statuentes,
683 3811 714 3870 et
728 3803 907 3884 expressius
922 3804 1179 3884 prohibentesne
1193 3803 1299 3887 alique
1324 3889 1326 3894 Α

270 3935 406 4000 persone
428 3915 638 3990 ecclesiastice
659 3925 713 3985 aut
732 3913 829 3976 eciem
852 3915 1021 4002 seculares,
1043 3915 1158 3996 quibus
1177 3915 1217 3993 de
1231 3933 1301 3976 mo·

269 4025 426 4102 nasteriis,
446 4027 499 4114 uel
512 4027 651 4093 ecelesiis
665 4026 846 4108 huiusmodi
859 4035 932 4106 sunt
943 4028 1147 4111 donaciones,
1168 4046 1301 4096 conoes-

271 4141 387 4216 siones‚
408 4139 460 4203 nel
471 4139 771 4214 collacionestacte,
785 4139 839 4224 uel
852 4139 885 4202 in
898 4147 1062 4222 posterum
1072 4123 1165 4213 fient,
1180 4137 1303 4222 alicuid

272 4253 333 4328 nisi
354 4259 513 4344 qoamum,
528 4254 666 4342 patronis
689 4251 841 4322 coronica
864 4251 935 4324 iura
956 4251 1303 4354 cocsoeduotesigere,
