2924 4758
258 405 319 476 ild
455 425 578 478 rurrror
597 425 764 475 ororrrurr
788 425 966 474 oonorrrrrr
990 424 1090 474 rnorr.

258 603 403 650 nummos
425 582 498 648 illos
509 602 583 648 oum
603 581 698 666 pleno
716 601 849 646 nurnero
864 601 930 646 non
947 582 1098 658 attulerit,
1123 582 1295 666 dupliciter

258 698 381 762 reddat.

340 810 419 886 (80)
439 807 545 871 Liberi
559 808 676 891 quiquo
691 827 727 872 oe
741 806 894 890 hospites,
913 808 996 871 siout
1006 807 1109 872 Soloni
1124 809 1177 872 uel
1191 808 1293 873 oeteri

259 929 333 986 runt
345 921 504 994 extranei,
526 920 625 1002 quiin
638 919 731 984 terrio
745 919 889 985 laborent
902 919 1051 996 oliorum,
1071 941 1130 1004 pro
1145 919 1293 986 libertate

259 1040 381 1096 tanturn
402 1031 547 1094 denarios
569 1032 661 1105 dent,
687 1049 750 1094 non
771 1031 849 1096 alios
872 1031 970 1096 eciam
992 1032 1139 1096 denarios
1158 1031 1293 1114 insuper

260 1163 318 1228 pro
334 1163 431 1227 opere
446 1143 551 1226 aliquo
567 1144 643 1206 dore
658 1151 821 1227 eoguntur.

343 1257 420 1332 (81)
441 1257 487 1317 De
504 1255 682 1319 bortellunis
705 1263 809 1322 autern
832 1263 895 1318 tom
915 1277 974 1339 pro
998 1277 1095 1340 opere
1115 1277 1210 1340 quom
1229 1277 1291 1340 pro

260 1367 403 1432 libertate
419 1367 539 1430 denarii
555 1367 758 1449 accipiuntur.

344 1481 423 1556 (82)
443 1479 610 1562 Egressnri
631 1479 671 1543 de
691 1480 853 1563 Hungaria
878 1501 897 1543 a
919 1479 1101 1543 thelonariis
1121 1487 1184 1542 tum
1205 1481 1290 1563 regis

262 1611 357 1675 quum
372 1590 506 1666 comitis,
527 1589 581 1672 qui
605 1590 706 1653 exitus
730 1598 854 1665 tenent,
875 1590 1012 1674 sigillum
1032 1599 1176 1674 querunt.
1205 1591 1291 1675 quod

260 1703 455 1768 thelonarius
474 1702 556 1784 regis
580 1703 619 1764 ub
641 1721 705 1764 una
718 1711 807 1783 porto
826 1721 898 1764 oum
912 1701 1013 1784 sigillo
1027 1702 1230 1784 comprimat,
1251 1701 1290 1766 ab

262 1816 361 1880 ultera
381 1823 468 1896 porte
490 1813 684 1876 thelonarius
698 1811 821 1876 comitis
834 1813 935 1895 figura
949 1813 1072 1878 comitis
1093 1814 1142 1876 sui
1162 1814 1291 1878 conolo-

263 1926 325 1990 del.
353 1927 379 1988 ri
394 1925 465 2007 quis
480 1926 598 2006 absque
614 1922 667 1989 uli
683 1925 785 2008 sigillo
802 1925 910 2008 egredi
924 1925 1141 2007 temptauerit,
1162 1921 1199 1988 ut
1211 1923 1290 2007 legis

262 2037 475 2121 preurrioator
490 2037 714 2119 quinquaginta
729 2055 845 2117 pensos
861 2035 1030 2118 persoluat.

344 2150 423 2224 (88)
444 2147 475 2211 Si
491 2149 645 2232 quispiam
660 2149 773 2211 salsum
791 2147 1006 2211 testimonium
1021 2146 1113 2212 olieui
1131 2147 1292 2230 imposue-

261 2262 316 2336 rit,
337 2261 370 2324 id
389 2269 438 2325 est
451 2261 492 2324 do
505 2280 549 2323 en
560 2260 702 2342 pluribus
724 2281 764 2322 ex
784 2259 868 2322 uillis
882 2259 951 2323 sine
966 2260 1034 2322 rixo
1049 2258 1102 2322 nel
1116 2259 1292 2322 odiioausu

263 2373 491 2446 attestantibus,
511 2371 616 2434 ferreo
631 2373 782 2453 probetur
795 2371 923 2434 iudicio.
955 2391 992 2433 oo
1006 2371 1032 2434 si
1043 2371 1188 2435 -nrundus-
1198 2370 1294 2434 fuerit

262 2481 428 2564 impositor
440 2481 531 2564 culpo
543 2483 654 2545 decem
664 2501 780 2564 pensor
792 2482 904 2545 soluat.
919 2483 1041 2565 quodsi
1053 2503 1125 2546 reus
1138 2483 1207 2558 erit,
1217 2503 1292 2546 sune

263 2593 393 2675 quidem
406 2611 457 2656 res
470 2591 537 2654 rius
552 2601 768 2676 permaneant,
782 2595 839 2658 sed
853 2595 894 2656 ud
908 2595 1037 2658 modum
1048 2594 1148 2658 orucis
1161 2594 1247 2658 ferro
1259 2593 1293 2656 iu

264 2703 354 2788 genis
370 2709 575 2786 excoquetur,
596 2710 632 2767 ut
653 2703 787 2786 amplius
808 2705 1020 2769 testimouium
1040 2706 1107 2768 eius
1128 2706 1294 2770 refutetur.

346 2813 427 2890 (ot)
449 2814 571 2896 Siquis
594 2823 699 2878 nutem
721 2816 761 2878 de
783 2815 868 2878 furto
890 2817 1112 2880 aecusatussad
1126 2815 1293 2882 ecclesiam

263 2926 402 3011 ingeret,
422 2947 487 2990 non
511 2925 594 2990 illino
619 2927 720 2990 teneri
744 2947 800 3008 pro
824 2926 895 2990 iure
919 2925 1065 3010 culpabili
1087 2947 1160 2991 enm
1176 2928 1295 2991 iudica·

263 3059 343 3102 mus.
372 3039 430 3101 sed
451 3038 545 3102 iudex
563 3059 635 3102 oum
650 3039 828 3120 presbitero
842 3038 975 3104 eeclesie
989 3039 1088 3121 ipsius
1106 3059 1180 3101 eunr
1198 3038 1296 3102 inter·

262 3159 364 3234 roget,
384 3159 489 3214 ulrum
505 3150 666 3230 culpabilis
681 3149 738 3224 sit,
759 3169 820 3214 neo
840 3171 892 3225 no,
907 3157 943 3214 et·
956 3151 982 3213 si
1003 3169 1092 3214 reum
1112 3169 1146 3214 se
1162 3171 1233 3214 esse
1247 3150 1295 3214 iu·

263 3262 389 3336 lebitur,
410 3279 468 3344 pro
490 3260 623 3323 eeclesia
643 3267 702 3342 'pro
717 3261 926 3325 oboeoroione
947 3259 1127 3324 occulorum
1145 3281 1202 3324 seu
1216 3260 1295 3323 elio-

262 3393 334 3436 rum
357 3371 602 3435 detruuoroione
624 3371 838 3434 membrorum
858 3373 1019 3436 liberetur.
1047 3371 1073 3434 si
1088 3389 1166 3434 nero
1181 3392 1216 3434 se
1231 3390 1295 3434 non

265 3503 336 3548 esse
350 3482 453 3546 iurem
467 3481 597 3555 dixerit,
618 3482 789 3544 erousondi
811 3503 846 3546 se
867 3491 1007 3564 potestus
1028 3483 1136 3546 oinon
1151 3489 1295 3566 negetur,

265 3595 323 3658 rod
337 3614 408 3657 uon
428 3593 467 3656 de
481 3591 628 3675 perieulis
643 3591 830 3674 supradietis
846 3614 918 3656 eum
937 3592 1246 3668 ecclesialiberabit,
1267 3573 1311 3654 si⁴

264 3723 338 3768 reus
354 3711 464 3786 postea
478 3722 551 3766 esse
566 3701 760 3784 probabitur.

274 3861 284 3870 .
348 3817 426 3878 ltem
445 3813 473 3876 si
492 3813 563 3896 quis
586 3814 638 3877 fur
652 3834 722 3878 esso
744 3815 783 3878 ab
803 3814 908 3899 aliquo
924 3815 1132 3890 accusabitur,
1155 3815 1206 3878 ior
1220 3815 1295 3878 inrtl

265 3926 356 4009 signo
378 3925 576 4008 aput'iponm
598 3933 725 4009 reperto
746 3926 798 3989 uel
816 3928 1038 4010 comprobato,
1061 3927 1147 4010 quod
1167 3925 1298 4008 protuli

266 4054 360 4130 nauso
374 4035 492 4119 aliquid
504 4035 560 4100 ulli
572 4037 814 4114 restaurauerit,
837 4039 922 4102 unde
937 4039 978 4102 do
999 4033 1084 4104 uillis
1098 4035 1167 4102 aliis
1186 4035 1295 4120 plures

267 4167 339 4216 oum
353 4148 611 4212 criminabuntur.

533 4292 671 4342 umidi!
689 4295 811 4343 Alrnltl
830 4291 1020 4346 bononuntio,
