<?xml version="1.0" encoding="UTF-8"?>
<!DOCTYPE html PUBLIC "-//W3C//DTD XHTML 1.0 Transitional//EN"
    "http://www.w3.org/TR/xhtml1/DTD/xhtml1-transitional.dtd">
<html xmlns="http://www.w3.org/1999/xhtml" xml:lang="en" lang="en">
 <head>
  <title>
</title>
<meta http-equiv="Content-Type" content="text/html;charset=utf-8" />
  <meta name='ocr-system' content='tesseract 3.04.00' />
  <meta name='ocr-capabilities' content='ocr_page ocr_carea ocr_par ocr_line ocrx_word'/>
</head>
<body>
  <div class='ocr_page' id='page_1' title='image "./rerumhungaricar01endlgoog/rerumhungaricar01endlgoog_0180.png"; bbox 0 0 2920 4758; ppageno 0'>
   <div class='ocr_carea' id='block_1_1' title="bbox 553 1089 987 1174">
    <p class='ocr_par' dir='ltr' id='par_1_1' title="bbox 553 1089 987 1174">
     <span class='ocr_line' id='line_1_1' title="bbox 553 1089 987 1174; baseline -0.002 -1"><span class='ocrx_word' id='word_1_1' title='bbox 553 1089 731 1174; x_wconf 76' lang='lat' dir='ltr'><strong>statutt</strong></span> <span class='ocrx_word' id='word_1_2' title='bbox 756 1089 987 1174; x_wconf 68' lang='lat' dir='ltr'><strong>auruum</strong></span> 
     </span>
    </p>
   </div>
   <div class='ocr_carea' id='block_1_2' title="bbox 377 1266 1161 1488">
    <p class='ocr_par' dir='ltr' id='par_1_2' title="bbox 377 1266 1161 1488">
     <span class='ocr_line' id='line_1_2' title="bbox 377 1266 1161 1346; baseline -0.005 0"><span class='ocrx_word' id='word_1_3' title='bbox 377 1268 644 1346; x_wconf 67' lang='lat' dir='ltr'><strong>cinnanos</strong></span> <span class='ocrx_word' id='word_1_4' title='bbox 670 1268 860 1346; x_wconf 75' lang='lat' dir='ltr'><strong>clvltttu</strong></span> <span class='ocrx_word' id='word_1_5' title='bbox 894 1269 963 1344; x_wconf 77' lang='lat' dir='ltr'><strong>DE</strong></span> <span class='ocrx_word' id='word_1_6' title='bbox 997 1266 1161 1344; x_wconf 81' lang='lat' dir='ltr'><strong>laszu.</strong></span> 
     </span>
     <span class='ocr_line' id='line_1_3' title="bbox 673 1425 864 1488; baseline -0.005 -1"><span class='ocrx_word' id='word_1_7' title='bbox 673 1425 864 1488; x_wconf 85' lang='lat' dir='ltr'><strong>MCCXLlll.</strong></span> 
     </span>
    </p>
   </div>
   <div class='ocr_carea' id='block_1_3' title="bbox 590 1578 949 1634">
    <p class='ocr_par' dir='ltr' id='par_1_3' title="bbox 590 1578 949 1634">
     <span class='ocr_line' id='line_1_4' title="bbox 590 1578 949 1634; baseline -0.006 0"><span class='ocrx_word' id='word_1_8' title='bbox 590 1583 613 1634; x_wconf 77' lang='lat' dir='ltr'><strong>E</strong></span> <span class='ocrx_word' id='word_1_9' title='bbox 636 1585 779 1632; x_wconf 84' lang='lat' dir='ltr'><strong>transumto</strong></span> <span class='ocrx_word' id='word_1_10' title='bbox 801 1579 860 1632; x_wconf 81' lang='lat' dir='ltr'><strong>anni</strong></span> <span class='ocrx_word' id='word_1_11' title='bbox 879 1578 949 1633; x_wconf 71' lang='lat'><strong>1295.</strong></span> 
     </span>
    </p>
   </div>
   <div class='ocr_carea' id='block_1_4' title="bbox 256 1852 1289 2382">
    <p class='ocr_par' dir='ltr' id='par_1_4' title="bbox 256 1852 1289 2254">
     <span class='ocr_line' id='line_1_5' title="bbox 338 1852 1289 1934; baseline 0 -17"><span class='ocrx_word' id='word_1_12' title='bbox 338 1856 483 1920; x_wconf 79' lang='lat' dir='ltr'><strong>Albertus</strong></span> <span class='ocrx_word' id='word_1_13' title='bbox 505 1853 711 1917; x_wconf 80' lang='lat' dir='ltr'><strong>miseracione</strong></span> <span class='ocrx_word' id='word_1_14' title='bbox 727 1853 834 1916; x_wconf 90' lang='lat' dir='ltr'><strong>diuina</strong></span> <span class='ocrx_word' id='word_1_15' title='bbox 854 1852 1034 1934; x_wconf 73' lang='lat' dir='ltr'><strong>prepositus</strong></span> <span class='ocrx_word' id='word_1_16' title='bbox 1056 1854 1094 1916; x_wconf 90' lang='lat' dir='ltr'><strong>de</strong></span> <span class='ocrx_word' id='word_1_17' title='bbox 1109 1855 1214 1928; x_wconf 86' lang='lat' dir='ltr'><strong>lazon,</strong></span> <span class='ocrx_word' id='word_1_18' title='bbox 1236 1863 1289 1917; x_wconf 91' lang='lat' dir='ltr'><strong>to-</strong></span> 
     </span>
     <span class='ocr_line' id='line_1_6' title="bbox 257 1963 1288 2050; baseline -0.005 -21"><span class='ocrx_word' id='word_1_19' title='bbox 257 1974 370 2050; x_wconf 85' lang='lat' dir='ltr'><strong>tasque</strong></span> <span class='ocrx_word' id='word_1_20' title='bbox 387 1971 561 2028; x_wconf 85' lang='lat' dir='ltr'><strong>conuentus</strong></span> <span class='ocrx_word' id='word_1_21' title='bbox 584 1963 646 2028; x_wconf 88' lang='lat' dir='ltr'><strong>loci</strong></span> <span class='ocrx_word' id='word_1_22' title='bbox 662 1965 818 2038; x_wconf 87' lang='lat' dir='ltr'><strong>eiusdem,</strong></span> <span class='ocrx_word' id='word_1_23' title='bbox 837 1963 996 2026; x_wconf 86' lang='lat' dir='ltr'><strong>uniuersis</strong></span> <span class='ocrx_word' id='word_1_24' title='bbox 1012 1964 1127 2028; x_wconf 75' lang='lat' dir='ltr'><strong>Christi</strong></span> <span class='ocrx_word' id='word_1_25' title='bbox 1141 1965 1288 2028; x_wconf 87' lang='lat' dir='ltr'><strong>fidelibus</strong></span> 
     </span>
     <span class='ocr_line' id='line_1_7' title="bbox 256 2075 1289 2160; baseline -0.004 -18"><span class='ocrx_word' id='word_1_26' title='bbox 256 2086 320 2142; x_wconf 85' lang='lat' dir='ltr'><strong>tam</strong></span> <span class='ocrx_word' id='word_1_27' title='bbox 335 2077 532 2159; x_wconf 79' lang='lat' dir='ltr'><strong>presentibus</strong></span> <span class='ocrx_word' id='word_1_28' title='bbox 544 2093 638 2160; x_wconf 89' lang='lat' dir='ltr'><strong>quarn</strong></span> <span class='ocrx_word' id='word_1_29' title='bbox 653 2075 765 2139; x_wconf 85' lang='lat' dir='ltr'><strong>futuris</strong></span> <span class='ocrx_word' id='word_1_30' title='bbox 779 2095 911 2157; x_wconf 85' lang='lat' dir='ltr'><strong>presens</strong></span> <span class='ocrx_word' id='word_1_31' title='bbox 925 2075 1074 2157; x_wconf 86' lang='lat' dir='ltr'><strong>scriptum</strong></span> <span class='ocrx_word' id='word_1_32' title='bbox 1089 2077 1289 2158; x_wconf 88' lang='lat' dir='ltr'><strong>inspecturis,</strong></span> 
     </span>
     <span class='ocr_line' id='line_1_8' title="bbox 257 2187 769 2254; baseline -0.012 0"><span class='ocrx_word' id='word_1_33' title='bbox 257 2191 388 2254; x_wconf 87' lang='lat' dir='ltr'><strong>salutem</strong></span> <span class='ocrx_word' id='word_1_34' title='bbox 403 2189 435 2252; x_wconf 90' lang='lat' dir='ltr'><strong>in</strong></span> <span class='ocrx_word' id='word_1_35' title='bbox 450 2187 587 2252; x_wconf 89' lang='lat' dir='ltr'><strong>omnium</strong></span> <span class='ocrx_word' id='word_1_36' title='bbox 603 2187 769 2252; x_wconf 85' lang='lat' dir='ltr'><strong>saluatore.</strong></span> 
     </span>
    </p>

    <p class='ocr_par' dir='ltr' id='par_1_5' title="bbox 338 2297 1287 2382">
     <span class='ocr_line' id='line_1_9' title="bbox 338 2297 1287 2382; baseline -0.002 -20"><span class='ocrx_word' id='word_1_37' title='bbox 338 2301 384 2362; x_wconf 87' lang='lat' dir='ltr'><strong>Ne</strong></span> <span class='ocrx_word' id='word_1_38' title='bbox 400 2299 495 2382; x_wconf 81' lang='lat' dir='ltr'><strong>gestis</strong></span> <span class='ocrx_word' id='word_1_39' title='bbox 510 2300 678 2381; x_wconf 77' lang='lat' dir='ltr'><strong>antiquitas</strong></span> <span class='ocrx_word' id='word_1_40' title='bbox 693 2297 798 2361; x_wconf 87' lang='lat' dir='ltr'><strong>ualeat</strong></span> <span class='ocrx_word' id='word_1_41' title='bbox 812 2298 996 2372; x_wconf 85' lang='lat' dir='ltr'><strong>nouercari,</strong></span> <span class='ocrx_word' id='word_1_42' title='bbox 1012 2305 1043 2361; x_wconf 88' lang='lat' dir='ltr'><strong>et</strong></span> <span class='ocrx_word' id='word_1_43' title='bbox 1058 2318 1096 2362; x_wconf 88' lang='lat' dir='ltr'><strong>ea</strong></span> <span class='ocrx_word' id='word_1_44' title='bbox 1110 2319 1171 2380; x_wconf 92' lang='lat' dir='ltr'><strong>qne</strong></span> <span class='ocrx_word' id='word_1_45' title='bbox 1187 2299 1287 2362; x_wconf 90' lang='lat' dir='ltr'><strong>racio·</strong></span> 
     </span>
    </p>
   </div>
   <div class='ocr_carea' id='block_1_5' title="bbox 255 2409 1288 4391">
    <p class='ocr_par' dir='ltr' id='par_1_6' title="bbox 255 2409 1287 3364">
     <span class='ocr_line' id='line_1_10' title="bbox 256 2409 1287 2491; baseline -0.003 -17"><span class='ocrx_word' id='word_1_46' title='bbox 256 2412 403 2476; x_wconf 77' lang='lat' dir='ltr'><strong>nobiliter</strong></span> <span class='ocrx_word' id='word_1_47' title='bbox 418 2417 551 2491; x_wconf 83' lang='lat' dir='ltr'><strong>aguntur</strong></span> <span class='ocrx_word' id='word_1_48' title='bbox 565 2410 597 2471; x_wconf 92' lang='lat' dir='ltr'><strong>in</strong></span> <span class='ocrx_word' id='word_1_49' title='bbox 616 2418 774 2490; x_wconf 88' lang='lat' dir='ltr'><strong>ternpore,</strong></span> <span class='ocrx_word' id='word_1_50' title='bbox 796 2429 836 2472; x_wconf 88' lang='lat' dir='ltr'><strong>ne</strong></span> <span class='ocrx_word' id='word_1_51' title='bbox 853 2429 924 2472; x_wconf 91' lang='lat' dir='ltr'><strong>cum</strong></span> <span class='ocrx_word' id='word_1_52' title='bbox 935 2409 1008 2491; x_wconf 86' lang='lat' dir='ltr'><strong>ipso</strong></span> <span class='ocrx_word' id='word_1_53' title='bbox 1023 2409 1144 2472; x_wconf 78' lang='lat' dir='ltr'><strong>facilius</strong></span> <span class='ocrx_word' id='word_1_54' title='bbox 1161 2411 1287 2474; x_wconf 83' lang='lat' dir='ltr'><strong>elaban-</strong></span> 
     </span>
     <span class='ocr_line' id='line_1_11' title="bbox 257 2519 1286 2604; baseline 0 -20"><span class='ocrx_word' id='word_1_55' title='bbox 257 2530 321 2595; x_wconf 85' lang='lat' dir='ltr'><strong>tur,</strong></span> <span class='ocrx_word' id='word_1_56' title='bbox 340 2521 439 2583; x_wconf 89' lang='lat' dir='ltr'><strong>solers</strong></span> <span class='ocrx_word' id='word_1_57' title='bbox 461 2519 624 2584; x_wconf 87' lang='lat' dir='ltr'><strong>hominum</strong></span> <span class='ocrx_word' id='word_1_58' title='bbox 648 2522 755 2584; x_wconf 87' lang='lat' dir='ltr'><strong>caucio</strong></span> <span class='ocrx_word' id='word_1_59' title='bbox 778 2521 940 2584; x_wconf 88' lang='lat' dir='ltr'><strong>adiuuenit</strong></span> <span class='ocrx_word' id='word_1_60' title='bbox 962 2521 1134 2604; x_wconf 85' lang='lat' dir='ltr'><strong>patrocinio</strong></span> <span class='ocrx_word' id='word_1_61' title='bbox 1155 2524 1286 2604; x_wconf 88' lang='lat' dir='ltr'><strong>scriptu-</strong></span> 
     </span>
     <span class='ocr_line' id='line_1_12' title="bbox 256 2631 1286 2715; baseline -0.001 -19"><span class='ocrx_word' id='word_1_62' title='bbox 256 2651 364 2697; x_wconf 86' lang='lat' dir='ltr'><strong>rarum</strong></span> <span class='ocrx_word' id='word_1_63' title='bbox 386 2632 582 2694; x_wconf 84' lang='lat' dir='ltr'><strong>communiri.</strong></span> <span class='ocrx_word' id='word_1_64' title='bbox 610 2631 742 2714; x_wconf 81' lang='lat' dir='ltr'><strong>proinde</strong></span> <span class='ocrx_word' id='word_1_65' title='bbox 764 2635 803 2696; x_wconf 87' lang='lat' dir='ltr'><strong>ad</strong></span> <span class='ocrx_word' id='word_1_66' title='bbox 826 2633 1046 2698; x_wconf 84' lang='lat' dir='ltr'><strong>uniuersorum</strong></span> <span class='ocrx_word' id='word_1_67' title='bbox 1070 2641 1134 2696; x_wconf 87' lang='lat' dir='ltr'><strong>tam</strong></span> <span class='ocrx_word' id='word_1_68' title='bbox 1157 2653 1286 2715; x_wconf 88' lang='lat' dir='ltr'><strong>presen-</strong></span> 
     </span>
     <span class='ocr_line' id='line_1_13' title="bbox 258 2741 1285 2824; baseline 0.001 -20"><span class='ocrx_word' id='word_1_69' title='bbox 258 2742 340 2820; x_wconf 88' lang='lat' dir='ltr'><strong>cium</strong></span> <span class='ocrx_word' id='word_1_70' title='bbox 365 2761 460 2824; x_wconf 86' lang='lat' dir='ltr'><strong>quarn</strong></span> <span class='ocrx_word' id='word_1_71' title='bbox 483 2741 661 2805; x_wconf 86' lang='lat' dir='ltr'><strong>futurorum</strong></span> <span class='ocrx_word' id='word_1_72' title='bbox 690 2741 837 2806; x_wconf 82' lang='lat' dir='ltr'><strong>noticiam</strong></span> <span class='ocrx_word' id='word_1_73' title='bbox 865 2743 977 2807; x_wconf 90' lang='lat' dir='ltr'><strong>harum</strong></span> <span class='ocrx_word' id='word_1_74' title='bbox 1000 2745 1085 2807; x_wconf 84' lang='lat' dir='ltr'><strong>serie</strong></span> <span class='ocrx_word' id='word_1_75' title='bbox 1113 2743 1285 2806; x_wconf 87' lang='lat' dir='ltr'><strong>litterarum</strong></span> 
     </span>
     <span class='ocr_line' id='line_1_14' title="bbox 257 2853 1286 2938; baseline 0.002 -22"><span class='ocrx_word' id='word_1_76' title='bbox 257 2853 404 2917; x_wconf 88' lang='lat' dir='ltr'><strong>uolumus</strong></span> <span class='ocrx_word' id='word_1_77' title='bbox 424 2854 609 2936; x_wconf 86' lang='lat' dir='ltr'><strong>peruenire:</strong></span> <span class='ocrx_word' id='word_1_78' title='bbox 630 2855 718 2938; x_wconf 92' lang='lat' dir='ltr'><strong>quod</strong></span> <span class='ocrx_word' id='word_1_79' title='bbox 737 2873 794 2918; x_wconf 91' lang='lat' dir='ltr'><strong>nos</strong></span> <span class='ocrx_word' id='word_1_80' title='bbox 816 2854 940 2938; x_wconf 90' lang='lat' dir='ltr'><strong>populis</strong></span> <span class='ocrx_word' id='word_1_81' title='bbox 961 2856 1094 2920; x_wconf 90' lang='lat' dir='ltr'><strong>ecclesie</strong></span> <span class='ocrx_word' id='word_1_82' title='bbox 1115 2857 1146 2918; x_wconf 89' lang='lat' dir='ltr'><strong>b.</strong></span> <span class='ocrx_word' id='word_1_83' title='bbox 1163 2855 1286 2918; x_wconf 90' lang='lat' dir='ltr'><strong>Ioannis</strong></span> 
     </span>
     <span class='ocr_line' id='line_1_15' title="bbox 257 2967 1285 3050; baseline 0.001 -22"><span class='ocrx_word' id='word_1_84' title='bbox 257 2967 395 3048; x_wconf 81' lang='lat' dir='ltr'><strong>Baptiste</strong></span> <span class='ocrx_word' id='word_1_85' title='bbox 417 2967 457 3028; x_wconf 92' lang='lat' dir='ltr'><strong>de</strong></span> <span class='ocrx_word' id='word_1_86' title='bbox 475 2968 584 3042; x_wconf 82' lang='lat' dir='ltr'><strong>lacon,</strong></span> <span class='ocrx_word' id='word_1_87' title='bbox 610 2975 647 3030; x_wconf 93' lang='lat' dir='ltr'><strong>ut</strong></span> <span class='ocrx_word' id='word_1_88' title='bbox 670 2987 821 3030; x_wconf 91' lang='lat' dir='ltr'><strong>numerus</strong></span> <span class='ocrx_word' id='word_1_89' title='bbox 845 2968 984 3050; x_wconf 91' lang='lat' dir='ltr'><strong>ipsorum</strong></span> <span class='ocrx_word' id='word_1_90' title='bbox 1009 2970 1107 3050; x_wconf 85' lang='lat' dir='ltr'><strong>magis</strong></span> <span class='ocrx_word' id='word_1_91' title='bbox 1130 2987 1165 3031; x_wconf 91' lang='lat' dir='ltr'><strong>ac</strong></span> <span class='ocrx_word' id='word_1_92' title='bbox 1188 2967 1285 3050; x_wconf 84' lang='lat' dir='ltr'><strong>magis</strong></span> 
     </span>
     <span class='ocr_line' id='line_1_16' title="bbox 255 3079 1286 3161; baseline -0.002 -19"><span class='ocrx_word' id='word_1_93' title='bbox 255 3087 410 3161; x_wconf 77' lang='lat' dir='ltr'><strong>augeatur</strong></span> <span class='ocrx_word' id='word_1_94' title='bbox 425 3087 457 3141; x_wconf 90' lang='lat' dir='ltr'><strong>et</strong></span> <span class='ocrx_word' id='word_1_95' title='bbox 479 3087 653 3153; x_wconf 82' lang='lat' dir='ltr'><strong>accrescat,</strong></span> <span class='ocrx_word' id='word_1_96' title='bbox 676 3079 715 3143; x_wconf 89' lang='lat' dir='ltr'><strong>de</strong></span> <span class='ocrx_word' id='word_1_97' title='bbox 734 3081 817 3142; x_wconf 86' lang='lat' dir='ltr'><strong>bona</strong></span> <span class='ocrx_word' id='word_1_98' title='bbox 839 3088 948 3143; x_wconf 85' lang='lat' dir='ltr'><strong>nostra</strong></span> <span class='ocrx_word' id='word_1_99' title='bbox 969 3080 1132 3142; x_wconf 87' lang='lat' dir='ltr'><strong>uoluntate</strong></span> <span class='ocrx_word' id='word_1_100' title='bbox 1157 3089 1188 3144; x_wconf 93' lang='lat' dir='ltr'><strong>et</strong></span> <span class='ocrx_word' id='word_1_101' title='bbox 1202 3099 1286 3141; x_wconf 91' lang='lat' dir='ltr'><strong>com-</strong></span> 
     </span>
     <span class='ocr_line' id='line_1_17' title="bbox 258 3189 1285 3253; baseline -0.003 -1"><span class='ocrx_word' id='word_1_102' title='bbox 258 3190 345 3252; x_wconf 91' lang='lat' dir='ltr'><strong>muni</strong></span> <span class='ocrx_word' id='word_1_103' title='bbox 360 3209 515 3253; x_wconf 88' lang='lat' dir='ltr'><strong>consensu</strong></span> <span class='ocrx_word' id='word_1_104' title='bbox 531 3190 670 3253; x_wconf 91' lang='lat' dir='ltr'><strong>omnium</strong></span> <span class='ocrx_word' id='word_1_105' title='bbox 692 3190 821 3252; x_wconf 91' lang='lat' dir='ltr'><strong>sratrum</strong></span> <span class='ocrx_word' id='word_1_106' title='bbox 842 3199 1021 3253; x_wconf 85' lang='lat' dir='ltr'><strong>nostrornm</strong></span> <span class='ocrx_word' id='word_1_107' title='bbox 1042 3189 1285 3252; x_wconf 73' lang='lat' dir='ltr'><strong>hano‘duximns</strong></span> 
     </span>
     <span class='ocr_line' id='line_1_18' title="bbox 255 3299 690 3364; baseline -0.005 -2"><span class='ocrx_word' id='word_1_108' title='bbox 255 3299 433 3364; x_wconf 87' lang='lat' dir='ltr'><strong>libertatem</strong></span> <span class='ocrx_word' id='word_1_109' title='bbox 449 3301 690 3363; x_wconf 84' lang='lat' dir='ltr'><strong>conserendam:</strong></span> 
     </span>
    </p>

    <p class='ocr_par' dir='ltr' id='par_1_7' title="bbox 257 3410 1287 3939">
     <span class='ocr_line' id='line_1_19' title="bbox 340 3410 1286 3493; baseline -0.001 -21"><span class='ocrx_word' id='word_1_110' title='bbox 340 3414 401 3491; x_wconf 79' lang='lat'><strong>(1)</strong></span> <span class='ocrx_word' id='word_1_111' title='bbox 429 3412 467 3472; x_wconf 89' lang='lat' dir='ltr'><strong>Ut</strong></span> <span class='ocrx_word' id='word_1_112' title='bbox 488 3411 527 3472; x_wconf 92' lang='lat' dir='ltr'><strong>dc</strong></span> <span class='ocrx_word' id='word_1_113' title='bbox 548 3411 689 3490; x_wconf 88' lang='lat' dir='ltr'><strong>qualibet</strong></span> <span class='ocrx_word' id='word_1_114' title='bbox 711 3410 798 3472; x_wconf 88' lang='lat' dir='ltr'><strong>curia</strong></span> <span class='ocrx_word' id='word_1_115' title='bbox 817 3411 938 3493; x_wconf 84' lang='lat' dir='ltr'><strong>integra</strong></span> <span class='ocrx_word' id='word_1_116' title='bbox 958 3411 991 3472; x_wconf 94' lang='lat' dir='ltr'><strong>in</strong></span> <span class='ocrx_word' id='word_1_117' title='bbox 1015 3411 1096 3473; x_wconf 81' lang='lat' dir='ltr'><strong>festo</strong></span> <span class='ocrx_word' id='word_1_118' title='bbox 1116 3412 1147 3474; x_wconf 92' lang='lat' dir='ltr'><strong>b.</strong></span> <span class='ocrx_word' id='word_1_119' title='bbox 1162 3411 1286 3474; x_wconf 88' lang='lat' dir='ltr'><strong>Martini</strong></span> 
     </span>
     <span class='ocr_line' id='line_1_20' title="bbox 258 3523 1287 3605; baseline -0.002 -19"><span class='ocrx_word' id='word_1_120' title='bbox 258 3523 447 3586; x_wconf 83' lang='lat' dir='ltr'><strong>confessoris</strong></span> <span class='ocrx_word' id='word_1_121' title='bbox 469 3523 529 3584; x_wconf 89' lang='lat' dir='ltr'><strong>tria</strong></span> <span class='ocrx_word' id='word_1_122' title='bbox 549 3523 692 3603; x_wconf 87' lang='lat' dir='ltr'><strong>pondera</strong></span> <span class='ocrx_word' id='word_1_123' title='bbox 710 3523 845 3605; x_wconf 83' lang='lat' dir='ltr'><strong>argenti,</strong></span> <span class='ocrx_word' id='word_1_124' title='bbox 868 3543 938 3586; x_wconf 91' lang='lat' dir='ltr'><strong>cum</strong></span> <span class='ocrx_word' id='word_1_125' title='bbox 954 3530 1071 3586; x_wconf 87' lang='lat' dir='ltr'><strong>statera</strong></span> <span class='ocrx_word' id='word_1_126' title='bbox 1085 3524 1228 3586; x_wconf 90' lang='lat' dir='ltr'><strong>eiusdem</strong></span> <span class='ocrx_word' id='word_1_127' title='bbox 1244 3524 1287 3584; x_wconf 92' lang='lat' dir='ltr'><strong>ci-</strong></span> 
     </span>
     <span class='ocr_line' id='line_1_21' title="bbox 258 3633 1285 3714; baseline -0.001 -17"><span class='ocrx_word' id='word_1_128' title='bbox 258 3634 363 3697; x_wconf 83' lang='lat' dir='ltr'><strong>uitatis</strong></span> <span class='ocrx_word' id='word_1_129' title='bbox 378 3653 436 3714; x_wconf 91' lang='lat' dir='ltr'><strong>pro</strong></span> <span class='ocrx_word' id='word_1_130' title='bbox 451 3633 588 3714; x_wconf 84' lang='lat' dir='ltr'><strong>terragia</strong></span> <span class='ocrx_word' id='word_1_131' title='bbox 605 3633 680 3696; x_wconf 85' lang='lat' dir='ltr'><strong>dare</strong></span> <span class='ocrx_word' id='word_1_132' title='bbox 697 3641 872 3698; x_wconf 87' lang='lat' dir='ltr'><strong>teneantur.</strong></span> <span class='ocrx_word' id='word_1_133' title='bbox 902 3636 941 3696; x_wconf 90' lang='lat' dir='ltr'><strong>de</strong></span> <span class='ocrx_word' id='word_1_134' title='bbox 963 3635 1065 3697; x_wconf 91' lang='lat' dir='ltr'><strong>uineis</strong></span> <span class='ocrx_word' id='word_1_135' title='bbox 1084 3655 1179 3709; x_wconf 90' lang='lat' dir='ltr'><strong>uero,</strong></span> <span class='ocrx_word' id='word_1_136' title='bbox 1202 3635 1285 3698; x_wconf 89' lang='lat' dir='ltr'><strong>etde</strong></span> 
     </span>
     <span class='ocr_line' id='line_1_22' title="bbox 257 3743 1287 3828; baseline -0.002 -20"><span class='ocrx_word' id='word_1_137' title='bbox 257 3745 349 3809; x_wconf 87' lang='lat' dir='ltr'><strong>terris</strong></span> <span class='ocrx_word' id='word_1_138' title='bbox 370 3743 434 3806; x_wconf 92' lang='lat' dir='ltr'><strong>suis</strong></span> <span class='ocrx_word' id='word_1_139' title='bbox 455 3743 522 3807; x_wconf 89' lang='lat' dir='ltr'><strong>sine</strong></span> <span class='ocrx_word' id='word_1_140' title='bbox 545 3745 697 3827; x_wconf 89' lang='lat' dir='ltr'><strong>empticiis</strong></span> <span class='ocrx_word' id='word_1_141' title='bbox 719 3745 786 3808; x_wconf 90' lang='lat' dir='ltr'><strong>siue</strong></span> <span class='ocrx_word' id='word_1_142' title='bbox 807 3745 1001 3827; x_wconf 80' lang='lat' dir='ltr'><strong>exstirpatis,</strong></span> <span class='ocrx_word' id='word_1_143' title='bbox 1030 3746 1098 3809; x_wconf 86' lang='lat' dir='ltr'><strong>sine</strong></span> <span class='ocrx_word' id='word_1_144' title='bbox 1126 3746 1287 3828; x_wconf 86' lang='lat' dir='ltr'><strong>qualicun-</strong></span> 
     </span>
     <span class='ocr_line' id='line_1_23' title="bbox 259 3855 1108 3939; baseline 0 -21"><span class='ocrx_word' id='word_1_145' title='bbox 259 3877 320 3939; x_wconf 88' lang='lat' dir='ltr'><strong>que</strong></span> <span class='ocrx_word' id='word_1_146' title='bbox 335 3855 429 3918; x_wconf 90' lang='lat' dir='ltr'><strong>modo</strong></span> <span class='ocrx_word' id='word_1_147' title='bbox 445 3856 615 3938; x_wconf 89' lang='lat' dir='ltr'><strong>acquisitis,</strong></span> <span class='ocrx_word' id='word_1_148' title='bbox 637 3855 857 3919; x_wconf 88' lang='lat' dir='ltr'><strong>nihilomnino</strong></span> <span class='ocrx_word' id='word_1_149' title='bbox 872 3857 1108 3938; x_wconf 85' lang='lat' dir='ltr'><strong>persoluebunt.</strong></span> 
     </span>
    </p>

    <p class='ocr_par' dir='ltr' id='par_1_8' title="bbox 259 3966 1285 4162">
     <span class='ocr_line' id='line_1_24' title="bbox 341 3966 1285 4050; baseline 0 -22"><span class='ocrx_word' id='word_1_150' title='bbox 341 3969 399 4043; x_wconf 66' lang='grc' dir='ltr'><strong>(Ξ)</strong></span> <span class='ocrx_word' id='word_1_151' title='bbox 421 3967 522 4029; x_wconf 91' lang='lat' dir='ltr'><strong>Unum</strong></span> <span class='ocrx_word' id='word_1_152' title='bbox 542 3987 619 4030; x_wconf 87' lang='lat' dir='ltr'><strong>uero</strong></span> <span class='ocrx_word' id='word_1_153' title='bbox 643 3968 876 4042; x_wconf 88' lang='lat' dir='ltr'><strong>molendinum,</strong></span> <span class='ocrx_word' id='word_1_154' title='bbox 899 3987 970 4030; x_wconf 92' lang='lat' dir='ltr'><strong>cum</strong></span> <span class='ocrx_word' id='word_1_155' title='bbox 985 3966 1285 4050; x_wconf 71' lang='lat' dir='ltr'><strong>quotcunque&#39;rotis</strong></span> 
     </span>
     <span class='ocr_line' id='line_1_25' title="bbox 259 4077 1248 4162; baseline -0.004 -19"><span class='ocrx_word' id='word_1_156' title='bbox 259 4079 300 4143; x_wconf 88' lang='lat' dir='ltr'><strong>sit</strong></span> <span class='ocrx_word' id='word_1_157' title='bbox 314 4078 509 4154; x_wconf 90' lang='lat' dir='ltr'><strong>ordinatum,</strong></span> <span class='ocrx_word' id='word_1_158' title='bbox 531 4079 668 4141; x_wconf 90' lang='lat' dir='ltr'><strong>debitum</strong></span> <span class='ocrx_word' id='word_1_159' title='bbox 688 4080 780 4142; x_wconf 89' lang='lat' dir='ltr'><strong>unius</strong></span> <span class='ocrx_word' id='word_1_160' title='bbox 804 4079 889 4142; x_wconf 90' lang='lat' dir='ltr'><strong>curie</strong></span> <span class='ocrx_word' id='word_1_161' title='bbox 903 4079 1026 4161; x_wconf 80' lang='lat' dir='ltr'><strong>integre</strong></span> <span class='ocrx_word' id='word_1_162' title='bbox 1041 4077 1248 4162; x_wconf 90' lang='lat' dir='ltr'><strong>persolncbit.</strong></span> 
     </span>
    </p>

    <p class='ocr_par' dir='ltr' id='par_1_9' title="bbox 258 4189 1288 4391">
     <span class='ocr_line' id='line_1_26' title="bbox 342 4189 1288 4273; baseline -0.003 -19"><span class='ocrx_word' id='word_1_163' title='bbox 342 4194 400 4268; x_wconf 88' lang='lat'><strong>(3)</strong></span> <span class='ocrx_word' id='word_1_164' title='bbox 420 4193 498 4254; x_wconf 89' lang='lat' dir='ltr'><strong>Item</strong></span> <span class='ocrx_word' id='word_1_165' title='bbox 512 4190 609 4265; x_wconf 84' lang='lat' dir='ltr'><strong>fabri,</strong></span> <span class='ocrx_word' id='word_1_166' title='bbox 630 4191 827 4273; x_wconf 89' lang='lat' dir='ltr'><strong>carpentarii,</strong></span> <span class='ocrx_word' id='word_1_167' title='bbox 848 4199 995 4266; x_wconf 89' lang='lat' dir='ltr'><strong>sartores,</strong></span> <span class='ocrx_word' id='word_1_168' title='bbox 1017 4191 1167 4272; x_wconf 88' lang='lat' dir='ltr'><strong>pistores,</strong></span> <span class='ocrx_word' id='word_1_169' title='bbox 1188 4189 1288 4253; x_wconf 86' lang='lat' dir='ltr'><strong>carui-</strong></span> 
     </span>
     <span class='ocr_line' id='line_1_27' title="bbox 258 4301 1287 4391; baseline -0.003 -20"><span class='ocrx_word' id='word_1_170' title='bbox 258 4303 345 4380; x_wconf 87' lang='lat' dir='ltr'><strong>fices,</strong></span> <span class='ocrx_word' id='word_1_171' title='bbox 372 4303 537 4391; x_wconf 87' lang='lat' dir='ltr'><strong>pelliones,</strong></span> <span class='ocrx_word' id='word_1_172' title='bbox 559 4310 591 4368; x_wconf 92' lang='lat' dir='ltr'><strong>et</strong></span> <span class='ocrx_word' id='word_1_173' title='bbox 614 4302 662 4366; x_wconf 87' lang='lat' dir='ltr'><strong>his</strong></span> <span class='ocrx_word' id='word_1_174' title='bbox 688 4301 876 4380; x_wconf 87' lang='lat' dir='ltr'><strong>consimiles,</strong></span> <span class='ocrx_word' id='word_1_175' title='bbox 897 4303 952 4390; x_wconf 92' lang='lat' dir='ltr'><strong>qui</strong></span> <span class='ocrx_word' id='word_1_176' title='bbox 978 4302 1019 4366; x_wconf 87' lang='lat' dir='ltr'><strong>ad</strong></span> <span class='ocrx_word' id='word_1_177' title='bbox 1044 4302 1188 4366; x_wconf 88' lang='lat' dir='ltr'><strong>ordinem</strong></span> <span class='ocrx_word' id='word_1_178' title='bbox 1211 4301 1287 4368; x_wconf 74' lang='lat' dir='ltr'><strong>uilla</strong></span> 
     </span>
    </p>
   </div>
   <div class='ocr_carea' id='block_1_6' title="bbox 0 0 1465 4758">
    <p class='ocr_par' dir='ltr' id='par_1_10' title="bbox 0 0 1465 4758">
     <span class='ocr_line' id='line_1_28' title="bbox 0 0 1465 4758; baseline 0 0"><span class='ocrx_word' id='word_1_179' title='bbox 0 0 1465 4758; x_wconf 95' lang='lat' dir='ltr'><strong> </strong></span> 
     </span>
    </p>
   </div>
  </div>
 </body>
</html>
