2920 4758
591 1098 746 1176 nuum
779 1101 844 1176 ιν.
870 1058 1027 1175 uuor‘s

206 1285 215 1293 ’
277 1273 530 1362 ultuwrlt
546 1273 1111 1362 wmsnltllolllsrnurotlll
1126 1273 1348 1363 llllllllllSld.

715 1433 905 1498 MCCXLlll.

624 1593 647 1648 ll
670 1591 797 1660 tabulario
814 1591 1000 1659 strigoniensi.

380 1852 454 1914 llcla
470 1851 519 1914 dei
535 1849 638 1933 gracia
653 1849 831 1932 Hungaric,
852 1847 1029 1924 Dalmacie,
1051 1849 1198 1925 Croacie,
1219 1851 1332 1923 llame,

299 1963 425 2038 Seruie,
453 1961 598 2036 Gallicie,
628 1960 815 2026 Lodomeric
840 1961 1054 2044 Cumanieque
1079 1983 1153 2037 rex,
1182 1965 1330 2026 omuibus
1447 1966 1449 2030 l

299 2081 477 2158 presentem
500 2075 646 2156 pagiuam
667 2071 820 2136 habituris
844 2072 977 2134 salutem
996 2073 1029 2134 in
1045 2073 1183 2134 domino.
1212 2071 1333 2156 signifi·

174 2197 184 2207 '
300 2205 406 2250 camus
427 2187 584 2248 uniuersis
606 2191 770 2268 presentes
790 2183 896 2246 literas
912 2185 1111 2266 inspecturis,
1132 2186 1219 2266 quod
1233 2205 1330 2267 quum

300 2300 449 2382 magister
471 2299 624 2372 Thomas,
652 2296 806 2360 lindensis
832 2297 1028 2378 prepositus,
1058 2296 1144 2359 eines
1166 2298 1206 2359 de
1229 2295 1330 2360 ueteri

300 2415 389 2477 Buda
403 2431 508 2476 coram
519 2411 613 2474 nobis
626 2412 773 2475 traxisset
792 2412 825 2473 iu
847 2429 973 2474 causam
992 2431 1089 2492 super
1107 2409 1332 2474 iurisdictioni-

301 2525 361 2588 bus
376 2522 435 2586 sibi
450 2523 577 2597 debitis,
598 2522 762 2604 denegatis
785 2521 826 2584 ab
840 2521 974 2613 eisdem,
996 2521 1110 2584 iudicio
1126 2521 1247 2586 scilicet
1260 2520 1330 2583 uille

304 2643 336 2698 et
350 2634 537 2716 quibusdam
552 2633 636 2707 aliis,
657 2653 715 2695 nos
730 2633 844 2696 iustam
858 2641 889 2695 et
903 2633 1041 2696 debitam
1055 2634 1087 2694 in
1103 2630 1246 2716 allegatis
1262 2654 1331 2716 par·

304 2748 386 2810 cium
412 2743 592 2808 adhibendo
621 2743 835 2827 diligenciam,
869 2744 982 2808 auditis
1009 2763 1175 2811 causarum
1202 2747 1332 2819 meritis,

303 2859 410 2922 habita
421 2857 653 2921 deliberacione
669 2865 700 2920 et
711 2855 843 2920 consilio
858 2865 1037 2920 nostrorum
1051 2858 1241 2938 principum,
1256 2859 1333 2920 sicut

304 2990 362 3053 per
382 2969 510 3060 antiqua
531 2969 699 3052 priuilegia
722 2975 753 3031 et
767 2968 947 3030 continuam
969 2967 1204 3048 possessiouem
1220 2969 1331 3031 dictam

304 3081 471 3147 aeclesiam
493 3081 673 3142 Budensem
696 3079 848 3142 munitam
872 3079 969 3142 luisse
996 3079 1133 3142 considit
1161 3081 1332 3152 euidenter,

303 3195 407 3276 ipsum
421 3191 625 3276 prepositum,
640 3191 721 3253 sicut
736 3190 812 3253 iuris
828 3191 1018 3273 deposcebat
1034 3191 1127 3264 racio,
1142 3191 1228 3253 omui
1243 3191 1333 3254 iuris·

306 3305 442 3370 dictione
467 3303 549 3367 dicte
574 3301 649 3364 uille
673 3286 830 3366 lindensis
853 3303 893 3365 ad
916 3301 1046 3385 plenum
1068 3302 1275 3378 restituimus,
1295 3303 1333 3364 ilo

306 3415 441 3482 scilicet:

389 3523 437 3607 (1)
460 3523 546 3606 quod
561 3521 660 3586 dictus
676 3525 852 3605 prepositus
874 3522 1011 3586 iudicem
1033 3543 1139 3598 suum,
1162 3542 1333 3607 quemcun-

308 3655 370 3723 que
391 3634 546 3710 uoluerit,
574 3635 642 3698 siue
661 3637 700 3698 de
723 3636 798 3698 nilla
822 3637 951 3710 eadem,
979 3635 1046 3699 siue
1071 3635 1132 3698 alia
1152 3638 1334 3708 constituet,

309 3748 363 3832 qui
381 3765 477 3829 super
490 3745 635 3808 omnibus
655 3747 756 3809 causis
777 3745 810 3842 in
830 3747 899 3828 ipsa
913 3746 990 3810 uilla
1004 3755 1035 3809 et
1051 3747 1139 3810 dictis
1154 3747 1277 3810 ciuibus
1290 3748 1334 3809 in-

309 3859 495 3932 cidentibus,
517 3844 868 3940 auctoritate‘prepositi
882 3857 1043 3920 iudicandi
1062 3858 1190 3920 habebit
1207 3859 1334 3921 faculta-

308 3979 382 4035 tem.
394 3967 573 4032 adiicientes
587 3985 684 4051 porro
696 3975 753 4050 pro
764 3965 895 4031 utilitate
907 3969 1067 4032 communi
1078 3976 1110 4032 et
1121 3969 1335 4032 decimaciono

307 4081 448 4156 iusticie,
468 4087 503 4144 ut
516 4081 603 4145 ciues
612 4081 699 4146 dicte
713 4079 788 4144 uille
808 4099 865 4144 sex
880 4067 1025 4145 homines
1042 4081 1106 4146 tide
1127 4069 1240 4166 dignos
1255 4084 1335 4148 dieto

308 4200 493 4278 presentent
516 4194 693 4277 preposito,
724 4192 780 4275 qui
801 4193 828 4256 si
847 4195 887 4256 ab
909 4194 1022 4256 eodem
1046 4193 1160 4258 merito
1184 4194 1335 4277 acceptati

310 4305 441 4384 fuerint,
466 4306 562 4370 iidem
583 4325 655 4369 cum
672 4305 776 4370 iudice
798 4306 950 4388 prepositi
958 4297 996 4368 'iu
1014 4305 1117 4370 causis
1137 4305 1334 4372 solummodo
