3048 4760
250 422 313 488 5⁰2
401 437 662 486 corsrrrurroms
682 437 818 484 smonns
838 433 995 482 nummis.
1037 413 1127 478 ame,

333 589 399 672 (5i)
420 592 592 656 Statuimus
603 591 688 672 quod
699 589 804 652 nullus
814 590 909 654 iudex
920 587 1168 662 ordinariaeuel
1178 587 1278 651 eciam
1393 589 1397 596 '
1501 556 1513 663 ᾗ

251 703 415 785 delegatus
439 703 551 776 iaciat,
577 702 631 764 uel
652 702 753 765 eciam
774 700 985 764 selectorum
1005 699 1165 781 promittat
1184 697 1279 760 alicui

249 814 403 876 iusticiam
422 834 481 896 per
495 813 632 896 graciam
646 833 703 876 seu
724 820 882 894 receptam
897 811 1064 892 pecuniam
1079 807 1132 872 uel
1145 808 1279 890 promis-

250 945 335 1001 sam,
356 933 411 988 aut
431 945 488 1006 per
508 925 586 986 alias
606 924 717 988 sordes
739 930 886 1005 pretextu
904 921 1036 986 alicuius
1055 921 1136 995 odii,
1154 929 1279 1002 ‘tempo-

251 1039 324 1100 ralis
346 1037 564 1110 emolumenti,
584 1036 703 1098 fauoris
724 1055 782 1098 seu
802 1034 895 1108 lucri,
917 1033 1016 1115 etqui
1031 1042 1139 1096 contra
1154 1031 1279 1105 lecerit,

250 1167 437 1231 perannum
452 1147 588 1212 officium
603 1147 765 1210 iudicandi
778 1145 838 1208 sibi
853 1143 991 1208 innuerit
1003 1144 1217 1217 interdictum,
1237 1145 1279 1206 ud

252 1260 487 1324 eelimaicionem
509 1259 570 1322 litis
591 1260 670 1340 perti
684 1279 778 1340 qnam
793 1259 900 1322 leserit
914 1256 1115 1320 nihilominus
1128 1257 1279 1321 condem-

250 1371 383 1444 nandus,
402 1379 497 1452 prout
510 1370 543 1432 in
557 1371 784 1432 constitucione
798 1368 897 1432 felicis
910 1366 1145 1430 recordacionis
1159 1367 1279 1430 domini

248 1483 429 1546 Innoceneii
443 1502 525 1563 pape
539 1482 591 1555 lV,
606 1482 646 1544 de
661 1501 696 1544 re
710 1481 846 1544 iudicata
860 1479 945 1542 edita
958 1479 991 1540 in
1003 1477 1139 1542 concilio
1150 1479 1278 1560 Lugdu-

248 1592 340 1656 nensi
353 1601 493 1656 cauetur.

333 1701 400 1783 (55)
421 1703 590 1766 Stattumus
603 1703 690 1784 qnod
704 1702 824 1766 iudices
837 1699 988 1764 ordinarii
1007 1707 1061 1763 aut
1075 1699 1175 1762 eciam
1189 1699 1277 1762 dele-

250 1814 313 1896 gati
324 1833 433 1876 omnes
445 1813 525 1886 illos,
540 1833 621 1895 quos
635 1833 693 1894 per
702 1812 980 1874 denuncineionem
996 1811 1049 1878 uel
1062 1810 1124 1874 alio
1136 1809 1276 1892 legitimo

250 1925 345 1988 modo
361 1926 647 1988 excommunicatos
666 1925 815 1988 sciuerint
829 1945 899 1988 esse
914 1925 953 1986 ab
967 1924 1097 1986 homine
1109 1923 1193 1986 uela
1208 1921 1276 1984 iure

249 2037 288 2100 nb
307 2037 442 2118 egendo,
462 2036 701 2117 patrocinando,
721 2035 774 2098 uel
796 2035 992 2098 testificando
1009 2035 1042 2096 in
1062 2053 1122 2098 suo
1142 2034 1212 2096 foro
1224 2033 1278 2098 uel

249 2149 344 2210 curiis
366 2156 420 2210 eut
440 2148 563 2210 iudiciis
584 2167 624 2210 ex
646 2146 753 2210 officio
768 2165 826 2208 suo
846 2146 1017 2227 repellant,
1038 2145 1160 2208 iudices
1173 2153 1278 2208 autem

247 2260 301 2342 qui
323 2259 549 2339 excepciouem
569 2257 904 2322 excommunicacionis
925 2267 1036 2320 contra
1056 2266 1198 2338 agentes,
1221 2256 1277 2318 ad·

193 2439 196 2445 ,
246 2379 398 2432 uocantes
413 2370 465 2431 uel
480 2369 681 2432 testificantes
695 2369 852 2432 obiectam
867 2387 931 2431 non
946 2369 1143 2442 admiserint,
1164 2368 1222 2432 sed
1237 2387 1277 2432 ea

245 2500 310 2541 non
337 2481 479 2542 obstante
505 2479 584 2540 tales
610 2478 795 2563 admiserint
816 2481 856 2542 ad
879 2481 1037 2561 predicta,
1059 2499 1115 2560 per
1134 2497 1277 2542 mensem

245 2610 342 2652 unum
357 2589 516 2652 iudicandi
532 2590 670 2652 officium
685 2590 744 2654 sibi
758 2592 906 2654 uenerint
919 2591 1136 2663 interdictum,
1157 2599 1190 2654 et
1203 2610 1277 2672 pro·

246 2720 354 2764 cessus
370 2719 442 2764 cum
456 2701 568 2762 talibus
584 2702 860 2764 excommunicetis
874 2701 999 2764 habitus
1021 2702 1059 2764 sit
1080 2701 1186 2762 irritus
1206 2702 1275 2781 ipso

246 2813 340 2887 lacto,
354 2833 413 2876 nec
429 2833 485 2894 per
499 2832 665 2894 processus
679 2812 859 2876 huiusmodi
874 2814 1025 2876 iudicium
1040 2813 1207 2894 excipienti
1222 2832 1276 2872 ex·
1338 2859 1344 2864 .

247 2926 566 2990 communieucionem
581 2927 649 2988 siue
664 2926 763 3006 ipsam
778 2926 998 3006 exceptionem
1012 2924 1195 2997 habuerint,
1208 2925 1275 2986 siue

248 3058 329 3111 non,
351 3057 390 3098 ex
405 3057 468 3120 quo
483 3057 541 3118 per
555 3058 628 3098 eum
643 3036 788 3118 opposita
802 3035 861 3098 fuit
873 3035 1053 3098 huiusmodi
1068 3036 1229 3117 excepcio,
1244 3042 1283 3096 et-

246 3168 311 3212 non
324 3148 534 3228 suitndmissa
546 3149 672 3230 aliquod
688 3129 895 3228 preiudicium
910 3155 1088 3229 generetur.

329 3258 393 3340 (56)
416 3261 585 3322 Statuimus
603 3259 696 3340 ¹quud
721 3259 841 3322 iudices
866 3260 1023 3323 seculares
1049 3259 1273 3338 excepciouem

245 3372 290 3434 rei
314 3371 448 3432 iudicate
473 3391 530 3450 per
555 3368 800 3432 ecclesiasticum
823 3371 978 3444 iudicem,
1000 3370 1039 3433 de
1061 3389 1125 3451 qua
1145 3369 1274 3451 quidem

245 3481 425 3564 recognicio
447 3481 547 3562 ipsum
567 3480 814 3544 ecclesiasticum
836 3482 972 3544 iudicem
991 3482 1030 3542 de
1045 3480 1274 3544 consuetudine

244 3592 297 3656 uel
311 3594 351 3656 de
365 3593 433 3654 iure
449 3593 598 3674 pertinet,
619 3592 718 3656 eciam
733 3594 810 3674 ipsis
827 3595 1018 3675 propositam
1030 3593 1194 3655 admittere
1209 3611 1275 3654 nun

245 3705 396 3778 omittant.
417 3706 491 3766 item
507 3714 645 3767 econtra
657 3705 860 3766 ecclesiastici
875 3705 994 3766 iudices
1007 3723 1078 3766 cum
1089 3705 1129 3766 de
1144 3724 1179 3766 re
1193 3704 1275 3766 iudi-

245 3825 314 3878 cata
335 3836 390 3896 per
404 3817 578 3879 secularem
598 3815 735 3878 iudicem
751 3816 790 3877 de
806 3815 854 3876 his
870 3835 932 3896 que
948 3816 988 3878 ad
1003 3813 1070 3876 eius
1084 3815 1144 3876 iuri
1155 3815 1277 3878 dictio-

243 3946 316 3990 nem
340 3935 482 4008 spectare
506 3935 680 3990 noscuntur
704 3947 745 3988 ex
767 3927 823 4000 eis,
855 3945 962 3988 coram
985 3926 1032 3988 eis
1055 3926 1274 4006 exceptionem

244 4038 423 4100 huiusmodi
444 4046 538 4119 prout
560 4039 599 4100 de
613 4038 681 4099 iure
695 4045 844 4100 tenentur
858 4037 1032 4098 admittant.
1058 4036 1145 4118 quod
1160 4037 1186 4098 si
1201 4036 1287 4111 utcu,

191 4233 194 4238 r
244 4145 368 4210 iudices
382 4148 584 4230 exceptiones
599 4148 779 4212 huiusmodi
797 4149 878 4210 sorte
893 4149 1058 4210 admittere
1073 4154 1275 4221 recusarent,

241 4280 301 4342 per
320 4243 495 4326 ordinarios
515 4261 554 4324 de
578 4279 712 4344 quorum
731 4260 947 4324 iurisdictione
968 4260 1085 4324 fuerint
1106 4261 1190 4326 bona
1200 4303 1210 4336 ,
1232 4259 1288 4358 tle*
