2920 4758
212 429 345 478 anama
368 428 404 474 m
420 427 512 477 naara
531 427 681 478 nronarte
701 427 957 478 vnmsmnsrma
987 415 1078 480 1209.
1122 413 1183 480 ddi

231 583 331 658 ¹Quod
345 589 382 644 ut
392 588 495 646 ratum
511 601 548 646 ac
560 581 674 646 stabile
686 583 839 666 perduret
852 584 885 648 in
897 591 1067 666 ponderato,
1082 583 1182 668 rigdlo'

148 701 264 757 nostre
277 691 509 758 confirmamus.
530 692 638 757 datum
651 705 708 774 per
719 712 830 756 manus
842 693 989 756 Goelnolzi
1001 693 1183 758 Orodiensis

149 803 322 890 prepositi,
341 804 414 870 aule
428 803 516 886 copie
531 803 719 878 cancellarii.
741 823 825 871 anno
839 805 878 868 ab
892 805 1112 868 incarnacione
1127 806 1184 868 do-

152 917 233 980 mini
247 914 421 980 millesimo
430 915 648 980 ducentesimo
663 922 762 978 sento.

473 1288 650 1380 dlillltEAE
676 1291 719 1378 ll.
743 1291 866 1378 neuls

314 1611 317 1616 Ι
367 1605 368 1610 ψ
430 1493 432 1498 “
509 1481 829 1570 nrnnnrns

168 1799 409 1879 'flosetrmus
429 1805 470 1868 IN
491 1803 611 1869 VILLA
629 1805 786 1867 VARASD
809 1753 1161 1870 GOdllllOllANTIBUS.

601 1943 738 2007 MCCIX.

263 2101 287 2154 u
304 2101 442 2168 diplomate
457 2073 541 2166 Regis
558 2101 586 2152 in
601 2101 729 2154 tabulario
747 2101 822 2182 [all.
837 2103 866 2154 0.
881 2103 1074 2164 Varasdlensle.
1119 2157 1121 2162 ,

235 2378 270 2438 ln
285 2377 412 2440 nomine
433 2384 542 2441 sancte
564 2376 707 2440 trinitatis
724 2385 755 2440 et
772 2377 936 2441 indiuidue
952 2379 1088 2441 unitatis.
1120 2379 1183 2442 An-

151 2487 246 2550 dreas
272 2487 324 2550 dei
347 2487 451 2568 gracia
470 2487 657 2570 ‘Hungarim
685 2488 859 2562 llalmacie,
876 2488 1039 2564 treacle,
1069 2489 1183 2563 Rama,

151 2597 278 2670 Seruie,
300 2595 428 2658 Gallicle
443 2597 695 2679 Lcdomerieque
710 2614 767 2660 rex
781 2599 813 2659 in
829 2607 1025 2680 perpetuum.

236 2706 323 2768 Ordo
348 2706 424 2768 iuris
450 2706 643 2787 expostulat,
673 2709 815 2770 atracio
841 2710 938 2790 exigit
962 2711 1118 2790 equitatis,
1149 2716 1184 2772 ut

150 2821 236 2882 bone
253 2817 329 2880 fidei
350 2825 525 2882 contractus
540 2827 695 2900 perpetue
714 2819 886 2881 stabilitatis
908 2821 1064 2901 gaudeant
1085 2821 1182 2883 firmi-

151 2937 231 3002 tate,
252 2948 310 2990 neo
331 2928 512 3010 iniquorum
532 2927 695 2990 fraudibus
716 2927 936 3002 dissoluantur,
958 2947 1019 3010 que
1033 2929 1126 2990 inicio
1143 2949 1182 2992 ex

153 3039 293 3122 equitate
308 3045 541 3118 processerunt.—
569 3036 643 3099 hinc
660 3045 708 3099 est
723 3039 808 3118 quod
825 3039 865 3099 ad
878 3037 1067 3118 peticionem
1080 3038 1182 3101 fidelis

152 3148 254 3212 nostri
282 3147 368 3210 Pech
397 3146 525 3228 palatini
554 3155 586 3209 et
602 3147 732 3208 'comitis
761 3147 966 3224 Musinensis,
995 3127 1027 3211 let
1047 3150 1182 3212 maxime

153 3259 249 3324 fidele
271 3241 439 3321 seruioium
460 3258 619 3339 hospitum
635 3267 816 3321 nostrorum
829 3259 862 3320 in
876 3259 950 3322 uilla
965 3260 1083 3324 Uarasd
1098 3281 1182 3322 com-

155 3369 351 3434 morantium
360 3414 369 3443 ,
391 3369 476 3450 quod
491 3369 581 3430 nohis
597 3369 712 3432 deuote
727 3368 936 3451 fideliterque,
958 3372 1032 3432 dum
1046 3373 1078 3432 in
1092 3373 1182 3433 Kene

157 3481 372 3544 detineremur
396 3481 429 3540 in
455 3498 598 3552 carcere,
625 3479 850 3553 exhibuerunt,
878 3500 935 3562 pro
960 3482 1072 3542 ellectu
1094 3482 1182 3562 regio

156 3591 403 3663 considerantes,
421 3590 466 3652 eis
478 3596 544 3651 tam
557 3589 743 3669 inpresenti
758 3589 1070 3670 existentibusquam
1085 3591 1183 3652 eciam

155 3701 469 3782 superuenientibus,
492 3707 643 3782 perpetuo
661 3701 730 3764 iure
744 3699 932 3762 contulimus
947 3709 1061 3762 statum
1074 3701 1185 3765 huius-

155 3812 241 3875 modi
265 3811 435 3886 libertatis,
466 3831 503 3874 ae
527 3819 642 3874 terram
668 3813 892 3873 circumdatam
922 3813 1062 3894 undique
1093 3816 1183 3878 metis

153 3923 347 4005 precipimus
363 3923 408 3984 eis
423 3923 594 4006 assignare.
621 3923 749 3986 libertas
764 3923 1055 4006 prenominatorum
1076 3925 1184 4008 hospi-

154 4042 221 4098 tum
235 4039 418 4096 nostrorum
431 4034 491 4097 hec
506 4041 570 4096 est:

114 4139 121 4156 ²
188 4201 191 4206 ,
238 4139 289 4226 (1)
312 4145 398 4226 quod
412 4163 517 4210 comes
531 4144 586 4208 uel
600 4163 675 4208 snus
691 4163 800 4210 comes
818 4147 942 4211 curialis
963 4167 1028 4210 non
1048 4145 1185 4210 habeant

155 4260 346 4340 potestatem
368 4273 423 4318 eos
443 4254 621 4332 iudicandi,
641 4258 699 4322 sed
713 4257 863 4322 intereos
877 4267 1108 4342 quemcumque
1127 4275 1185 4322 uo·
