2924 4758
272 403 334 474 ddd
470 423 595 474 amaror
614 423 782 474 nacmrmr
801 423 983 474 coronensi
1002 419 1104 472 arou.

356 577 434 664 (bd)
448 579 576 644 Denarii
591 587 662 644 octo
672 578 727 663 qui
742 580 782 646 dc
796 577 903 644 liberis
917 578 1048 662 siugulis
1063 577 1306 662 colligebantur,

273 693 401 758 amodo
422 712 487 756 non
501 693 704 774 accipiantur.
731 694 770 758 de
791 692 934 758 ciuilibus
955 690 1207 758 hebdomadariis
1230 699 1305 756 octo

274 804 422 868 denarios
446 804 637 888 precipimus
667 803 789 887 colligi,
821 804 904 867 inter
929 823 1009 886 quos
1038 803 1157 867 scilicet
1179 803 1206 866 si
1230 802 1304 886 quis

272 915 364 993 liber,
383 936 448 980 nou
470 935 489 980 a
509 936 602 1000 rege,
622 918 680 980 sed
699 917 738 980 ab
761 915 859 998 ipsius
874 917 1007 980 ciuibus.
1035 916 1062 980 si
1076 923 1181 978 autem
1196 914 1304 988 liberi,

273 1028 329 1111 qui
343 1028 410 1110 regi
424 1027 575 1110 perfines
591 1047 701 1092 eorum
715 1027 946 1110 transmigranti
962 1046 1079 1110 equos,
1101 1047 1212 1090 currus
1227 1027 1304 1092 sub·

275 1138 434 1202 ductorios
454 1148 485 1202 et
505 1139 639 1204 seruicia
662 1137 865 1222 stipendiaria
885 1139 1143 1220 suppeditabant,
1167 1146 1304 1220 quatuor

274 1250 420 1314 donamos
436 1249 626 1332 persulcant.
648 1258 679 1314 et
692 1247 835 1312 similiter
849 1247 949 1323 liberi,
964 1248 1100 1332 quicum
1115 1247 1161 1312 eis
1173 1247 1304 1310 cohabi-

273 1369 341 1426 tare
356 1361 588 1435 consenserint,
610 1369 702 1424 antoa
716 1369 839 1426 exeant.

357 1473 435 1550 (id)
457 1473 571 1556 Siquis
585 1472 759 1556 ismaelitas
773 1473 805 1536 iu
820 1473 938 1538 ieiunio
949 1493 1006 1538 seu
1021 1471 1213 1550 comestione
1227 1492 1302 1554 poc-

273 1585 343 1650 cinc
358 1605 485 1668 quoque
501 1585 603 1648 carnis
617 1586 795 1658 uescencia,
816 1586 868 1649 uel
882 1583 914 1648 in
929 1583 1094 1650 oblacione
1108 1593 1162 1655 aut
1175 1585 1207 1646 in
1223 1603 1302 1666 quo·

272 1697 350 1760 libet
363 1717 419 1760 sue
434 1703 520 1762 secto
535 1695 675 1760 facinore
687 1695 951 1778 deprehenderit,
972 1695 1108 1772 lsmalite
1122 1695 1189 1778 regi
1201 1697 1301 1778 depu-

272 1817 388 1874 tentur.
419 1809 473 1890 qui
488 1827 563 1874 uero
579 1827 634 1870 eos
649 1808 834 1883 accusabat,
855 1808 895 1872 do
910 1806 1090 1872 substancia
1104 1826 1215 1870 eorum
1231 1825 1301 1889 par·

272 1927 337 1984 tem
352 1919 492 2001 accipiat.

356 2031 439 2107 (hl)
461 2029 633 2112 Unicuique
647 2028 1301 2106 uillelsmaelitarumecclesiamedificare,
1355 2026 1361 2046 ¹

212 2227 216 2236 .
274 2142 314 2206 de
329 2142 504 2223 cademque
518 2141 595 2206 uilla
609 2142 715 2206 dotem
731 2142 807 2205 dare
827 2142 1029 2224 precipimus.
1057 2163 1120 2224 quo
1135 2153 1300 2225 postquam

272 2252 417 2316 edificata
429 2253 534 2326 fuerit,
554 2253 659 2317 media
674 2273 744 2336 pars
762 2253 836 2318 uille
853 2254 1080 2318 ismaelitarum
1101 2254 1208 2318 uillam
1221 2255 1301 2318 emi-

272 2374 357 2450 gret,
380 2365 488 2448 sicque
503 2363 686 2431 altrinsecus
701 2366 850 2440 sedeant,
872 2373 903 2430 et
922 2365 1011 2448 quasi
1034 2365 1127 2428 unius
1150 2366 1303 2428 marisia

186 2496 200 2512 ·
272 2476 381 2550 domo,
408 2495 492 2536 nunc
513 2475 678 2538 nobiscum
699 2476 732 2538 in
753 2496 815 2540 una
836 2477 1011 2560 eademque
1032 2476 1166 2540 ecclesia
1186 2477 1302 2542 Christi

271 2585 305 2649 in
320 2585 427 2648 diuina
440 2585 630 2651 unanimitas
643 2587 825 2650 consistant.

354 2695 433 2773 (hd)
454 2695 682 2760 ismaelitarum
692 2717 770 2760 uero
781 2698 886 2762 nullus
898 2699 1012 2765 audeat
1021 2695 1118 2762 filiam
1130 2719 1218 2764 suam
1229 2699 1300 2762 iun-

272 2828 347 2891 gere
360 2807 561 2872 matrimonio
577 2809 709 2872 alicuius
724 2809 764 2872 dc
779 2818 872 2892 gente
888 2829 960 2886 sua,
981 2811 1038 2874 sed
1053 2820 1169 2895 nostra.
1189 2843 1193 2850 ·

353 2919 435 2996 (to)
457 2921 573 3004 Siquis
589 2922 816 2986 ismaelitarum
834 2921 974 3004 hospites
994 2921 1156 2997 babuerit,
1177 2923 1229 2987 uel
1243 2923 1300 2986 ali·

271 3051 365 3116 quem
388 3033 420 3094 in
444 3032 623 3100 conuiuium
646 3032 839 3114 eroganerit,
867 3039 930 3102 tam
951 3033 1019 3115 ipse
1041 3053 1134 3116 mam
1161 3033 1297 3101 conuiuc

271 3142 393 3206 eiusde
409 3141 671 3224 porcinatantum
689 3162 784 3206 carne
799 3151 980 3206 noscantur.

353 3254 433 3329 (50)
455 3251 487 3314 Si
510 3252 580 3334 quis
604 3251 761 3314 homicida
785 3262 860 3336 aput
881 3253 1027 3320 comitem
1051 3257 1103 3320 uel
1126 3253 1298 3339 quemlibet

269 3362 457 3436 inueniatur,
480 3383 537 3446 per
548 3361 697 3426 nuncium
709 3363 849 3445 episcopi
864 3365 904 3428 ad
917 3365 1127 3446 penitenciam
1138 3376 1297 3450 queratur,

270 3473 410 3557 quamsi
431 3473 554 3536 mittere
574 3472 730 3547 renuerit,
753 3474 866 3548 cadem¹
879 3495 949 3539 cum
964 3477 1122 3543 homicida
1134 3479 1298 3546 sentencia

268 3585 407 3658 feriatur.

350 3695 515 3758 Patricidia
530 3703 561 3760 et
574 3703 680 3760 cetera
692 3717 753 3779 que
768 3697 1017 3780 pretitulauimus
1031 3697 1203 3762 homicidia
1214 3699 1297 3782 epis-

268 3825 421 3886 coporum
436 3825 568 3894 censure
583 3825 696 3892 uacare
712 3807 921 3892 decreuimus,
942 3809 994 3890 qui
1013 3809 1099 3872 iuxta
1113 3811 1296 3891 qualitatem

189 3999 202 4009 ᾖ
266 3916 440 3980 facinorum
460 3926 491 3981 et
505 3937 730 4000 personarum,
752 3928 845 4002 prout
858 3921 935 4002 ipsis
951 3922 1053 3986 uisum
1066 3922 1180 3997 inerit,
1200 3942 1296 3991 cauo·

265 4029 336 4100 uice
349 4028 507 4104 liniantur,
527 4029 680 4114 simplicia
700 4052 779 4114 uero
800 4031 982 4098 huiusmodi
1004 4033 1176 4097 homicidia
1190 4035 1230 4097 ab
1245 4054 1297 4098 ar·

267 4139 453 4204 chidiacono
474 4149 506 4204 et
525 4141 629 4206 iudico
646 4143 782 4206 seculari
795 4143 983 4220 iudicentur,
1004 4145 1044 4210 do
1060 4145 1174 4228 quibus
1189 4146 1295 4230 stipsi

266 4269 382 4316 nonam
397 4258 428 4317 et
442 4251 594 4316 decimam
608 4261 732 4338 partem
745 4253 828 4322 inter
841 4275 875 4319 sc
891 4253 1092 4340 disperciant.
