2978 4754
269 453 332 520 lid
591 469 773 524 neman!
801 471 844 520 aa
864 468 976 520 rimus

269 630 396 694 sermm
410 629 559 711 punimus,
580 623 639 696 llil
652 629 730 692 idris
742 627 913 702 percuisis,
932 636 966 691 et
983 626 1106 710 singule
1120 626 1302 693 mandentes

270 739 409 824 singulas
422 741 533 804 missas
548 739 701 804 celebrari
718 741 823 803 iacere
837 747 1030 804 tenerentur.

353 849 438 933 (351)
453 853 516 915 Nus
528 861 701 917 contronius
713 851 912 914 Uaradicusis
923 859 1138 916 contestemur
1147 853 1303 928 omnibns,

271 963 450 1028 Ladislaum
468 965 614 1027 comitem
634 965 673 1027 de
697 965 783 1027 Bach
807 963 878 1027 talia
903 964 994 1026 nobis
1013 965 1202 1028 auctoritate
1220 965 1304 1028 indi-

271 1075 343 1138 eiali
356 1076 538 1148 mandasse,
553 1075 638 1158 quud
654 1095 782 1138 caussam
794 1073 958 1138 Beniamin
972 1075 1146 1138 secundum
1158 1084 1303 1140 tenorem

269 1186 462 1260 litterarum,
487 1205 565 1269 quas
588 1187 646 1248 sub
668 1185 787 1268 duplici
812 1185 915 1268 sigillo
940 1185 1030 1248 uoltis
1054 1185 1243 1262 transmisit,
1268 1189 1303 1250 in

271 1305 412 1381 segestro
426 1297 645 1362 scriberemus.
673 1306 722 1361 cst
735 1299 842 1381 itaque
856 1307 949 1362 tenor
961 1297 1123 1361 literarum
1137 1299 1221 1363 talis:
1242 1301 1318 1362 lav

272 1407 391 1472 disleus
405 1429 512 1472 comes
527 1408 708 1474 Bechiensis
723 1418 756 1472 et
769 1409 864 1471 iudea
879 1408 980 1482 cerie,
996 1409 1142 1474 omuibus
1155 1409 1196 1472 ed
1207 1429 1303 1492 qnos·

272 1539 396 1604 unque
420 1521 587 1604 presencia
611 1522 832 1603 peremerint,
854 1519 1045 1583 salutemin
1066 1521 1204 1584 domino.
1231 1522 1302 1584 uni-

272 1631 413 1696 uersitaii
426 1632 566 1694 omnium
580 1639 688 1694 notum
703 1651 774 1695 esse
789 1631 945 1706 uolumus,
960 1633 1045 1714 quud
1059 1651 1131 1696 cnm
1143 1633 1302 1707 ieremias,

271 1743 395 1816 Bneuu,
417 1741 531 1815 Tocus,
552 1751 584 1804 et
603 1741 726 1824 Gegns,
754 1745 889 1806 citarent
910 1741 1061 1806 Cimmem
1084 1761 1142 1824 pro
1163 1743 1301 1825 quodem

271 1851 399 1917 homine
413 1853 575 1914 Beniamin
588 1851 653 1914 lilio
669 1851 773 1936 Cusuy
787 1853 819 1916 in
834 1852 999 1934 presencie
1011 1861 1133 1927 nostra,
1155 1852 1302 1916 dirorum

273 1965 408 2030 eunde-
428 1964 591 2027 Beniamin
620 1983 748 2026 seruum
770 1983 839 2028 esse
863 1983 990 2037 eurum,
1017 1963 1167 2028 etlilium
1190 1963 1302 2026 ancille

247 2155 249 2160 ,
272 2096 347 2150 me,
366 2075 565 2158 supradictus
580 2074 699 2138 Choma
718 2073 883 2156 respondit
897 2091 989 2138 suum
1004 2093 1074 2137 esse
1089 2083 1257 2158 cognatum
1271 2081 1305 2138 et

274 2187 314 2252 de
332 2205 449 2270 genere
471 2206 539 2249 suu.
567 2185 817 2249 adindlceuimns
838 2186 944 2267 itaque
959 2185 1046 2268 qued
1069 2185 1169 2248 dictus
1184 2185 1305 2256 Clremu

272 2299 438 2362 ueritatem
452 2297 501 2360 sui
515 2298 669 2360 sermonis
685 2297 940 2361 attestecionilms
955 2317 1083 2360 suorum
1098 2307 1305 2381 cognatorum

274 2411 469 2485 estenderet,
497 2410 582 2492 qnod
606 2418 640 2472 et
662 2409 883 2472 honestissime
908 2408 1066 2490 preberet.
1095 2407 1303 2474 intelleximus
1360 2390 1362 2394 ’

272 2522 367 2604 igilur
380 2529 415 2584 ut
428 2529 624 2585 sacramento
636 2521 773 2584 duorum
789 2527 996 2603 cognatorum
1010 2522 1077 2584 eins
1092 2522 1213 2584 dictum
1222 2523 1304 2585 Ben-

272 2633 368 2696 iamin
395 2631 593 2707 defenderet,
620 2631 804 2696 iurauerunt
826 2632 956 2714 inquam
979 2633 1097 2698 Choma
1127 2643 1159 2697 et
1178 2633 1304 2698 azarias

269 2763 369 2831 'super
382 2743 480 2808 altare
494 2746 593 2809 sancti
606 2745 743 2810 Ludislai
762 2744 909 2808 Uaradini
931 2753 964 2808 et
976 2745 1140 2808 Beniamin
1155 2745 1305 2810 liberatus

274 2863 332 2920 est.
354 2858 439 2920 unde
455 2855 598 2920 dedimus
614 2875 709 2937 super
723 2856 786 2918 hoo
799 2863 941 2918 nostrum
956 2855 1092 2938 sigilium
1106 2875 1180 2920 eum
1194 2857 1306 2923 litteris

273 2968 488 3049 presentibus,
508 2967 660 3050 pristaldo
675 2966 828 3030 existente
842 2967 1005 3030 Mercede
1018 2965 1139 3048 Cheplr.
1188 2983 1195 2997 ·

356 3076 443 3160 (stit
465 3077 609 3142 Clemens
629 3079 669 3142 de
683 3077 758 3140 seille
772 3079 845 3160 lrup
866 3085 1015 3142 oretenus
1030 3079 1121 3144 nohis
1136 3085 1184 3144 esi
1199 3087 1307 3144 conte·

274 3198 382 3264 status,
397 3191 483 3273 quod
496 3209 569 3253 eum
582 3190 652 3271 ipse
667 3209 739 3252 eum
755 3188 904 3270 pristaldo
915 3187 1053 3252 Ledislai
1068 3191 1191 3254 comitis
1205 3211 1307 3273 quen-

276 3302 348 3371 dam
360 3287 541 3374 libertinum
553 3321 646 3364 sunm
660 3302 825 3384 fugitiuum
840 3301 968 3366 numine
980 3303 1121 3366 Tadeum
1137 3311 1305 3366 uxoratum

274 3411 466 3486 inuenisset,
493 3421 525 3475 et
545 3413 721 3476 nominatus
742 3413 840 3476 iudex
867 3413 1003 3498 eundem
1028 3413 1209 3476 libertinum
1234 3431 1306 3476 cum

142 3563 145 3576 ·
276 3541 454 3586 uxorema
474 3523 504 3584 ei
523 3521 774 3604 appropriasset,
794 3523 864 3606 ipse
883 3521 1005 3590 scilieet
1018 3523 1164 3587 Clemens
1185 3543 1244 3606 pro
1256 3543 1308 3586 sa·

276 3633 342 3698 lute
354 3633 460 3697 anime
473 3653 530 3696 sue
544 3631 648 3698 tuliter
661 3634 700 3696 de
715 3653 814 3698 uxore
833 3634 947 3717 prefati
966 3633 1104 3700 libertini
1118 3635 1308 3710 erdinnsset,

276 3755 312 3821 ul
333 3747 402 3828 ipsu
421 3745 522 3824 libera
540 3744 641 3822 fieret,
670 3754 702 3809 et
724 3746 874 3830 quiequid
894 3746 1037 3810 ieminini
1055 3767 1152 3810 ,sexus
1174 3748 1215 3812 de
1236 3748 1307 3830 ipse

276 3867 459 3930 rasceretur
468 3859 568 3923 libere
582 3857 775 3924 condicionis
790 3865 913 3933 essent,
936 3867 968 3922 et
978 3858 1128 3941 quicquid
1143 3857 1307 3921 masculini

275 3993 369 4038 serus
382 3971 474 4047 fieret
487 3971 705 4036 condicionem
719 3971 817 4054 patris
831 3977 1027 4053 sequeretur.
1253 4005 1257 4012 -

283 4127 287 4134 -
357 4081 443 4166 (35³)
463 4083 638 4166 Augustino
648 4081 898 4150 filieSchemcha
911 4080 979 4144 sine
990 4080 1076 4149 omni
1089 4079 1211 4148 herede
1221 4095 1308 4143 moe

136 4265 141 4276 ,
275 4203 342 4270 ure,
372 4215 484 4260 seruus
507 4195 606 4278 ipsius
630 4193 768 4257 numine
782 4191 873 4268 Paul,
902 4213 997 4276 quem
1020 4185 1090 4276 ipse
1112 4191 1308 4277 Auguslinua

278 4306 452 4385 durieioum
472 4305 672 4392 nequidem
689 4305 886 4378 monsterio
907 4305 1008 4378 saecli
1023 4303 1306 4390 lumnianptiste
