2904 4754
238 415 327 466 enen
339 416 381 466 iv.
394 415 485 466 neers
500 413 650 468 smrrrrs
665 417 770 468 cinon
785 417 991 467 nrrnrssrorr.
1014 399 1103 468 1258.
1125 399 1186 468 ibt

157 575 362 649 conductum,
391 595 449 656 pro
471 576 614 658 ampliori
637 575 786 640 fidelitate
812 595 929 639 corone
954 575 1039 660 regie
1064 575 1188 658 impen-

157 685 272 751 dendo.
308 685 423 748 talibus
448 705 525 770 ergo
549 687 706 770 tantisque
732 685 853 750 eximiis
878 688 1010 762 meritis,
1039 695 1070 750 ct
1093 689 1186 751 obse-

157 797 278 880 qnicsis
289 795 491 860 fidelitatibus
503 797 535 860 in
550 797 650 862 nostri
663 797 847 860 memoriam
862 797 1029 872 reuocatis,
1041 797 1186 861 uolentes

155 909 203 971 eis
217 909 413 990 respondere
433 909 567 991 grutuita
585 908 771 992 repensiun,
792 907 865 970 licet
879 907 938 988 ipsi
953 907 1086 971 luissent
1100 908 1186 990 prius

153 1018 308 1082 libertatis
322 1019 431 1102 utique
447 1019 708 1092 commendantis,
721 1025 826 1082 tumen
838 1037 966 1083 suorum
982 1017 1186 1080 seruioiorum
1276 1069 1278 1073 ,

154 1131 189 1193 in
201 1131 463 1204 retribucionem‚
485 1151 593 1194 eorum
609 1105 707 1192 eciam
727 1129 957 1194 instantissimis
977 1129 1186 1210 peticionibus

154 1243 198 1306 de
204 1234 406 1324 *benignitate
424 1243 511 1323 regia
521 1239 685 1313 inclinati,
706 1239 784 1321 ipsis
798 1247 829 1304 et
843 1235 983 1322 ipsorum
998 1241 1186 1306 successori·

155 1355 217 1418 bus
233 1362 386 1436 perpetuo
401 1353 582 1416 Albensium
597 1353 715 1418 ciuium
729 1353 872 1416 dedimus
887 1351 1080 1416 libertatem:

240 1467 299 1542 (l)
320 1473 356 1528 ut
366 1463 491 1526 uillicus
510 1483 551 1528 ex
563 1484 596 1530 se
614 1463 689 1546 ipsis
704 1463 764 1546 qui*
774 1483 830 1544 pro
844 1471 986 1545 tempore
1001 1462 1096 1526 luerit
1110 1483 1185 1526 con·

155 1579 299 1652 stitutus,
321 1594 430 1640 omnes
453 1594 564 1638 causas
587 1575 798 1656 pecuniarios,
827 1573 934 1638 ciuiles
958 1582 990 1637 et
1007 1573 1185 1638 criminales

156 1690 199 1754 ed
217 1691 316 1751 instar
331 1687 448 1750 ciuium
462 1685 643 1749 Albensium
666 1687 896 1771 predictorum,
923 1705 995 1748 cum
1018 1687 1186 1752 duodecim

155 1799 267 1864 iuratis
287 1801 401 1862 debent
419 1799 483 1862 line
496 1799 606 1860 debito
618 1797 775 1872 iudicare,
797 1815 856 1860 nec
870 1798 930 1880 ipsi
948 1799 1036 1862 ciues
1049 1799 1184 1864 Nitrien-

156 1933 208 1976 ses
227 1911 403 1993 aliquorum
421 1915 641 1971 extraneorum
662 1909 817 1981 iudiciiin,
846 1908 1053 1990 palatinorum
1075 1909 1186 1972 uideli-

155 2031 208 2088 cet
228 2030 261 2086 et
282 2021 430 2086 comitem
456 2019 698 2102 prouincialium
719 2019 842 2081 adstare
868 2018 985 2083 indicio
1009 2027 1186 2094 teneantur,

155 2132 214 2197 s'ed
234 2131 263 2194 si
282 2143 378 2212 super
394 2124 504 2192 <arnus
524 2128 664 2210 negociis
687 2127 822 2191 diffinire
843 2127 973 2190 forsitan
993 2129 1185 2208 ignorarent,

155 2242 304 2305 uolumus
324 2248 358 2304 ut
379 2239 419 2302 ed
437 2247 580 2305 nostrum
596 2238 791 2320 presenciam
812 2238 865 2300 uel
880 2238 1186 2319 magistri'leuerni-

156 2368 266 2418 cerum
281 2351 468 2418 edexamen
481 2369 541 2432 pro
557 2347 794 2414 determinando
808 2353 839 2410 et
853 2347 1050 2428 impetranda
1064 2347 1186 2416 iusticie

155 2461 384 2529 conducentur.
1226 2540 1228 2546 s

231 2577 301 2652 (⁴2)
328 2575 369 2638 Et
393 2568 650 2656 quotiescunque
682 2569 874 2654 expedierit,
905 2577 1015 2635 couno
1042 2571 1185 2639 inimicos

153 2685 253 2770 regni
266 2684 383 2758 neuris,
405 2683 487 2748 detis·
507 2679 548 2748 cn
570 2683 615 2748 eis
636 2683 803 2746 duodecim
822 2685 966 2759 ermetis,
986 2685 1049 2746 ¹sub*
1067 2681 1192 2750 uexillo

154 2797 243 2880 repis
254 2789 441 2860 militabunt.
507 2857 509 2861 ,
1056 2790 1059 2798 ’

168 2961 173 2967 ,
239 2907 299 2984 (3,)
320 2907 443 2982 Quibus
464 2907 578 2981 crisme
606 2912 771 2968 uteorum
792 2922 941 2966 numerus
963 2911 1125 2985 augeatur,
1152 2905 1185 2966 in

154 3013 342 3104 ipso'easno
357 3017 501 3080 dedimus
523 3018 627 3082 iorum
639 3015 792 3090 liberum,
814 3015 899 3098 quod
914 3014 1091 3084 dierectus
1113 3033 1186 3097 per·-

155 3141 254 3214 petuo
269 3127 454 3204 celebretur,
475 3129 534 3204 ita,
555 3137 591 3192 ut
610 3128 741 3191 inillud
763 3127 926 3196 uenientes
947 3137 979 3192 et
999 3127 1185 3190 recedentes

158 3243 199 3304 de
214 3241 328 3308 eodem
341 3241 412 3304 sine·
429 3240 538 3322 aliquo
549 3239 661 3302 debito
669 3239 777 3302 tributi
797 3259 869 3303 cum
889 3237 955 3302 suis
974 3237 1185 3302 mercimoniis

156 3351 256 3416 libere
269 3352 413 3426 uenient,
436 3359 468 3414 et
481 3371 591 3416 secure
606 3352 766 3414 recedunt.
825 3369 828 3376 ’
866 3399 870 3404 .

240 3463 279 3526 Ut
298 3461 392 3544 igitur
400 3462 498 3524 *buius
517 3471 623 3524 nostre
642 3461 796 3524 libertatis·
815 3462 913 3526 series
934 3461 1186 3526 roburebtiueat

158 3579 312 3658 perpetue
325 3571 489 3646 firmitatis,
506 3580 668 3654 presentes
683 3572 802 3636 eisdem
817 3565 962 3639 dedimus
976 3573 1093 3636 littores
1107 3573 1186 3653 dop-

159 3685 250 3769 plicis
260 3683 357 3766 sigilli
368 3684 466 3746 nostri
478 3683 650 3753 munimine
660 3684 834 3748 roboretas.
856 3682 1186 3748 dotnmennodcmini

158 3791 326 3864 millesimo
340 3795 556 3861 ducentesimo
571 3795 834 3878 quinquagesimo
853 3801 975 3868 octauo,
997 3801 1107 3877 quarto
1127 3813 1186 3857 nc·

159 3929 216 3975 nes
232 3907 438 3991 Septembris
455 3907 548 3990 regni
559 3913 664 3974 eutem
678 3924 763 3972 enno
776 3905 875 3969 tercio
890 3905 1022 3969 decimo.
