<?xml version="1.0" encoding="UTF-8"?>
<!DOCTYPE html PUBLIC "-//W3C//DTD XHTML 1.0 Transitional//EN"
    "http://www.w3.org/TR/xhtml1/DTD/xhtml1-transitional.dtd">
<html xmlns="http://www.w3.org/1999/xhtml" xml:lang="en" lang="en">
 <head>
  <title>
</title>
<meta http-equiv="Content-Type" content="text/html;charset=utf-8" />
  <meta name='ocr-system' content='tesseract 3.04.00' />
  <meta name='ocr-capabilities' content='ocr_page ocr_carea ocr_par ocr_line ocrx_word'/>
</head>
<body>
  <div class='ocr_page' id='page_1' title='image "./rerumhungaricar01endlgoog_0041.png"; bbox 0 0 2924 4758; ppageno 0'>
   <div class='ocr_carea' id='block_1_1' title="bbox 352 365 1216 438">
    <p class='ocr_par' dir='ltr' id='par_1_1' title="bbox 352 365 1216 438">
     <span class='ocr_line' id='line_1_1' title="bbox 352 365 1216 438; baseline 0.006 -7"><span class='ocrx_word' id='word_1_1' title='bbox 352 387 388 434; x_wconf 66' lang='lat' dir='ltr'><strong>ae.</strong></span> <span class='ocrx_word' id='word_1_2' title='bbox 402 389 556 437; x_wconf 81' lang='lat' dir='ltr'><strong>srernrm</strong></span> <span class='ocrx_word' id='word_1_3' title='bbox 575 387 666 438; x_wconf 76' lang='lat' dir='ltr'><strong>merc</strong></span> <span class='ocrx_word' id='word_1_4' title='bbox 687 387 894 437; x_wconf 71' lang='lat' dir='ltr'><strong>anomocus</strong></span> <span class='ocrx_word' id='word_1_5' title='bbox 916 389 1009 438; x_wconf 78' lang='lat' dir='ltr'><strong>arma</strong></span> <span class='ocrx_word' id='word_1_6' title='bbox 1029 391 1063 436; x_wconf 88' lang='lat' dir='ltr'><strong>u.</strong></span> <span class='ocrx_word' id='word_1_7' title='bbox 1153 365 1216 436; x_wconf 68' lang='lat'><strong>323</strong></span> 
     </span>
    </p>
   </div>
   <div class='ocr_carea' id='block_1_2' title="bbox 181 545 1218 2410">
    <p class='ocr_par' dir='ltr' id='par_1_2' title="bbox 182 545 1218 961">
     <span class='ocr_line' id='line_1_2' title="bbox 268 545 1216 628; baseline 0 -20"><span class='ocrx_word' id='word_1_8' title='bbox 268 545 353 609; x_wconf 82' lang='lat' dir='ltr'><strong>Xlll.</strong></span> <span class='ocrx_word' id='word_1_9' title='bbox 394 547 445 608; x_wconf 85' lang='lat' dir='ltr'><strong>Da.</strong></span> <span class='ocrx_word' id='word_1_10' title='bbox 461 548 555 626; x_wconf 65' lang='lat' dir='ltr'><strong>aladii</strong></span> <span class='ocrx_word' id='word_1_11' title='bbox 575 547 795 608; x_wconf 68' lang='lat' dir='ltr'><strong>armoraciam.</strong></span> <span class='ocrx_word' id='word_1_12' title='bbox 849 545 974 627; x_wconf 81' lang='lat' dir='ltr'><strong>Siquis</strong></span> <span class='ocrx_word' id='word_1_13' title='bbox 1003 563 1082 610; x_wconf 88' lang='lat' dir='ltr'><strong>uero</strong></span> <span class='ocrx_word' id='word_1_14' title='bbox 1110 545 1216 628; x_wconf 86' lang='lat' dir='ltr'><strong>gladio</strong></span> 
     </span>
     <span class='ocr_line' id='line_1_3' title="bbox 184 657 1215 739; baseline -0.002 -17"><span class='ocrx_word' id='word_1_15' title='bbox 184 658 404 722; x_wconf 80' lang='lat' dir='ltr'><strong>uulnerauerit</strong></span> <span class='ocrx_word' id='word_1_16' title='bbox 432 657 584 739; x_wconf 80' lang='lat' dir='ltr'><strong>aliquem,</strong></span> <span class='ocrx_word' id='word_1_17' title='bbox 620 666 651 720; x_wconf 84' lang='lat' dir='ltr'><strong>et</strong></span> <span class='ocrx_word' id='word_1_18' title='bbox 672 657 857 721; x_wconf 86' lang='lat' dir='ltr'><strong>uulneratus</strong></span> <span class='ocrx_word' id='word_1_19' title='bbox 882 659 922 720; x_wconf 91' lang='lat' dir='ltr'><strong>de</strong></span> <span class='ocrx_word' id='word_1_20' title='bbox 947 659 1060 721; x_wconf 84' lang='lat' dir='ltr'><strong>eodem</strong></span> <span class='ocrx_word' id='word_1_21' title='bbox 1081 658 1215 720; x_wconf 87' lang='lat' dir='ltr'><strong>uulnere</strong></span> 
     </span>
     <span class='ocr_line' id='line_1_4' title="bbox 182 767 1218 851; baseline -0.004 -17"><span class='ocrx_word' id='word_1_22' title='bbox 182 791 282 836; x_wconf 78' lang='lat' dir='ltr'><strong>sonno</strong></span> <span class='ocrx_word' id='word_1_23' title='bbox 296 777 327 832; x_wconf 85' lang='lat' dir='ltr'><strong>et</strong></span> <span class='ocrx_word' id='word_1_24' title='bbox 340 767 504 834; x_wconf 82' lang='lat' dir='ltr'><strong>incolumis</strong></span> <span class='ocrx_word' id='word_1_25' title='bbox 517 769 669 843; x_wconf 80' lang='lat' dir='ltr'><strong>eraserit,</strong></span> <span class='ocrx_word' id='word_1_26' title='bbox 690 769 853 836; x_wconf 84' lang='lat' dir='ltr'><strong>homicidii</strong></span> <span class='ocrx_word' id='word_1_27' title='bbox 868 769 1132 851; x_wconf 77' lang='lat' dir='ltr'><strong>composicionem</strong></span> <span class='ocrx_word' id='word_1_28' title='bbox 1147 769 1218 832; x_wconf 90' lang='lat' dir='ltr'><strong>uul-</strong></span> 
     </span>
     <span class='ocr_line' id='line_1_5' title="bbox 185 881 582 961; baseline -0.005 -17"><span class='ocrx_word' id='word_1_29' title='bbox 185 882 272 944; x_wconf 86' lang='lat' dir='ltr'><strong>neris</strong></span> <span class='ocrx_word' id='word_1_30' title='bbox 287 881 389 944; x_wconf 82' lang='lat' dir='ltr'><strong>illator</strong></span> <span class='ocrx_word' id='word_1_31' title='bbox 404 889 582 961; x_wconf 83' lang='lat' dir='ltr'><strong>componat.</strong></span> 
     </span>
    </p>

    <p class='ocr_par' dir='ltr' id='par_1_3' title="bbox 185 991 1217 1390">
     <span class='ocr_line' id='line_1_6' title="bbox 269 991 1217 1076; baseline 0.004 -23"><span class='ocrx_word' id='word_1_32' title='bbox 269 991 338 1053; x_wconf 88' lang='lat' dir='ltr'><strong>XV.</strong></span> <span class='ocrx_word' id='word_1_33' title='bbox 380 993 424 1054; x_wconf 86' lang='lat' dir='ltr'><strong>Da</strong></span> <span class='ocrx_word' id='word_1_34' title='bbox 444 994 537 1071; x_wconf 70' lang='lat' dir='ltr'><strong>aladii</strong></span> <span class='ocrx_word' id='word_1_35' title='bbox 555 994 763 1072; x_wconf 62' lang='lat' dir='ltr'><strong>cacainacioae</strong></span> <span class='ocrx_word' id='word_1_36' title='bbox 782 995 843 1055; x_wconf 79' lang='lat' dir='ltr'><strong>siaa</strong></span> <span class='ocrx_word' id='word_1_37' title='bbox 862 997 992 1056; x_wconf 85' lang='lat' dir='ltr'><strong>aalacrc.</strong></span> <span class='ocrx_word' id='word_1_38' title='bbox 1036 994 1068 1056; x_wconf 89' lang='lat' dir='ltr'><strong>Si</strong></span> <span class='ocrx_word' id='word_1_39' title='bbox 1084 993 1153 1076; x_wconf 90' lang='lat' dir='ltr'><strong>quis</strong></span> <span class='ocrx_word' id='word_1_40' title='bbox 1167 993 1217 1057; x_wconf 86' lang='lat' dir='ltr'><strong>lu-</strong></span> 
     </span>
     <span class='ocr_line' id='line_1_7' title="bbox 186 1102 1217 1186; baseline 0.001 -20"><span class='ocrx_word' id='word_1_41' title='bbox 186 1123 259 1166; x_wconf 88' lang='lat' dir='ltr'><strong>rore</strong></span> <span class='ocrx_word' id='word_1_42' title='bbox 283 1102 421 1186; x_wconf 89' lang='lat' dir='ltr'><strong>repletus</strong></span> <span class='ocrx_word' id='word_1_43' title='bbox 442 1103 660 1186; x_wconf 87' lang='lat' dir='ltr'><strong>euaginauerit</strong></span> <span class='ocrx_word' id='word_1_44' title='bbox 680 1104 835 1186; x_wconf 82' lang='lat' dir='ltr'><strong>gladium,</strong></span> <span class='ocrx_word' id='word_1_45' title='bbox 857 1115 888 1169; x_wconf 88' lang='lat' dir='ltr'><strong>et</strong></span> <span class='ocrx_word' id='word_1_46' title='bbox 903 1115 1008 1170; x_wconf 85' lang='lat' dir='ltr'><strong>tamen</strong></span> <span class='ocrx_word' id='word_1_47' title='bbox 1022 1126 1086 1168; x_wconf 92' lang='lat' dir='ltr'><strong>non</strong></span> <span class='ocrx_word' id='word_1_48' title='bbox 1099 1106 1217 1180; x_wconf 86' lang='lat' dir='ltr'><strong>leserit,</strong></span> 
     </span>
     <span class='ocr_line' id='line_1_8' title="bbox 185 1215 1217 1298; baseline 0.002 -22"><span class='ocrx_word' id='word_1_49' title='bbox 185 1235 244 1297; x_wconf 88' lang='lat' dir='ltr'><strong>pro</strong></span> <span class='ocrx_word' id='word_1_50' title='bbox 267 1215 336 1278; x_wconf 85' lang='lat' dir='ltr'><strong>sola</strong></span> <span class='ocrx_word' id='word_1_51' title='bbox 355 1215 583 1296; x_wconf 83' lang='lat' dir='ltr'><strong>euaginacione</strong></span> <span class='ocrx_word' id='word_1_52' title='bbox 606 1217 742 1281; x_wconf 89' lang='lat' dir='ltr'><strong>mediam</strong></span> <span class='ocrx_word' id='word_1_53' title='bbox 763 1216 924 1280; x_wconf 90' lang='lat' dir='ltr'><strong>homicidii</strong></span> <span class='ocrx_word' id='word_1_54' title='bbox 949 1217 1217 1298; x_wconf 83' lang='lat' dir='ltr'><strong>composicionem</strong></span> 
     </span>
     <span class='ocr_line' id='line_1_9' title="bbox 186 1327 339 1390; baseline 0 0"><span class='ocrx_word' id='word_1_55' title='bbox 186 1327 339 1390; x_wconf 90' lang='lat' dir='ltr'><strong>absoluat.</strong></span> 
     </span>
    </p>

    <p class='ocr_par' dir='ltr' id='par_1_4' title="bbox 181 1438 1217 1851">
     <span class='ocr_line' id='line_1_10' title="bbox 268 1438 1217 1524; baseline 0.004 -22"><span class='ocrx_word' id='word_1_56' title='bbox 268 1441 353 1504; x_wconf 84' lang='lat' dir='ltr'><strong>XVI.</strong></span> <span class='ocrx_word' id='word_1_57' title='bbox 393 1443 438 1503; x_wconf 86' lang='lat' dir='ltr'><strong>De</strong></span> <span class='ocrx_word' id='word_1_58' title='bbox 459 1443 621 1508; x_wconf 83' lang='lat' dir='ltr'><strong>testimonia</strong></span> <span class='ocrx_word' id='word_1_59' title='bbox 644 1463 795 1505; x_wconf 73' lang='lat' dir='ltr'><strong>seruorum</strong></span> <span class='ocrx_word' id='word_1_60' title='bbox 822 1445 914 1524; x_wconf 69' lang='lat' dir='ltr'><strong>roaolt</strong></span> <span class='ocrx_word' id='word_1_61' title='bbox 939 1438 1016 1504; x_wconf 82' lang='lat' dir='ltr'><strong>caria</strong></span> <span class='ocrx_word' id='word_1_62' title='bbox 1037 1445 1083 1504; x_wconf 86' lang='lat' dir='ltr'><strong>uel</strong></span> <span class='ocrx_word' id='word_1_63' title='bbox 1104 1444 1217 1506; x_wconf 81' lang='lat' dir='ltr'><strong>ciuitati</strong></span> 
     </span>
     <span class='ocr_line' id='line_1_11' title="bbox 181 1549 1217 1636; baseline 0 -22"><span class='ocrx_word' id='word_1_64' title='bbox 181 1555 412 1636; x_wconf 75' lang='lat' dir='ltr'><strong>propositarum.</strong></span> <span class='ocrx_word' id='word_1_65' title='bbox 435 1549 437 1554; x_wconf 77' lang='grc'><strong>’</strong></span> <span class='ocrx_word' id='word_1_66' title='bbox 457 1553 488 1614; x_wconf 87' lang='lat' dir='ltr'><strong>si</strong></span> <span class='ocrx_word' id='word_1_67' title='bbox 505 1553 573 1635; x_wconf 91' lang='lat' dir='ltr'><strong>quis</strong></span> <span class='ocrx_word' id='word_1_68' title='bbox 589 1554 694 1616; x_wconf 89' lang='lat' dir='ltr'><strong>sanior</strong></span> <span class='ocrx_word' id='word_1_69' title='bbox 709 1555 787 1618; x_wconf 87' lang='lat' dir='ltr'><strong>curti</strong></span> <span class='ocrx_word' id='word_1_70' title='bbox 803 1551 901 1636; x_wconf 84' lang='lat' dir='ltr'><strong>regali</strong></span> <span class='ocrx_word' id='word_1_71' title='bbox 922 1553 974 1615; x_wconf 88' lang='lat' dir='ltr'><strong>uel</strong></span> <span class='ocrx_word' id='word_1_72' title='bbox 989 1553 1106 1615; x_wconf 90' lang='lat' dir='ltr'><strong>ciuitati</strong></span> <span class='ocrx_word' id='word_1_73' title='bbox 1121 1551 1217 1634; x_wconf 89' lang='lat' dir='ltr'><strong>preli·</strong></span> 
     </span>
     <span class='ocr_line' id='line_1_12' title="bbox 184 1663 1216 1746; baseline -0.003 -19"><span class='ocrx_word' id='word_1_74' title='bbox 184 1667 274 1739; x_wconf 87' lang='lat' dir='ltr'><strong>citur,</strong></span> <span class='ocrx_word' id='word_1_75' title='bbox 306 1665 519 1726; x_wconf 90' lang='lat' dir='ltr'><strong>testimonium</strong></span> <span class='ocrx_word' id='word_1_76' title='bbox 542 1665 609 1728; x_wconf 88' lang='lat' dir='ltr'><strong>eius</strong></span> <span class='ocrx_word' id='word_1_77' title='bbox 628 1666 710 1727; x_wconf 88' lang='lat' dir='ltr'><strong>inter</strong></span> <span class='ocrx_word' id='word_1_78' title='bbox 725 1665 854 1728; x_wconf 86' lang='lat' dir='ltr'><strong>comites</strong></span> <span class='ocrx_word' id='word_1_79' title='bbox 878 1664 1057 1746; x_wconf 85' lang='lat' dir='ltr'><strong>recipiatur.</strong></span> <span class='ocrx_word' id='word_1_80' title='bbox 1089 1665 1165 1726; x_wconf 88' lang='lat' dir='ltr'><strong>item</strong></span> <span class='ocrx_word' id='word_1_81' title='bbox 1188 1663 1216 1725; x_wconf 93' lang='lat' dir='ltr'><strong>si</strong></span> 
     </span>
     <span class='ocr_line' id='line_1_13' title="bbox 185 1777 1126 1851; baseline -0.006 -9"><span class='ocrx_word' id='word_1_82' title='bbox 185 1799 298 1842; x_wconf 85' lang='lat' dir='ltr'><strong>seruus</strong></span> <span class='ocrx_word' id='word_1_83' title='bbox 312 1779 483 1851; x_wconf 85' lang='lat' dir='ltr'><strong>seniorem,</strong></span> <span class='ocrx_word' id='word_1_84' title='bbox 505 1777 532 1840; x_wconf 88' lang='lat' dir='ltr'><strong>si</strong></span> <span class='ocrx_word' id='word_1_85' title='bbox 547 1777 635 1839; x_wconf 90' lang='lat' dir='ltr'><strong>miles</strong></span> <span class='ocrx_word' id='word_1_86' title='bbox 652 1799 744 1843; x_wconf 91' lang='lat' dir='ltr'><strong>suum</strong></span> <span class='ocrx_word' id='word_1_87' title='bbox 758 1777 906 1841; x_wconf 89' lang='lat' dir='ltr'><strong>comitem</strong></span> <span class='ocrx_word' id='word_1_88' title='bbox 924 1777 1126 1840; x_wconf 82' lang='lat' dir='ltr'><strong>interfecerit.</strong></span> 
     </span>
    </p>

    <p class='ocr_par' dir='ltr' id='par_1_5' title="bbox 183 1888 1218 2410">
     <span class='ocr_line' id='line_1_14' title="bbox 270 1888 1217 1970; baseline 0 -20"><span class='ocrx_word' id='word_1_89' title='bbox 270 1889 368 1950; x_wconf 90' lang='lat' dir='ltr'><strong>XVll.</strong></span> <span class='ocrx_word' id='word_1_90' title='bbox 410 1889 456 1950; x_wconf 84' lang='lat' dir='ltr'><strong>Dc</strong></span> <span class='ocrx_word' id='word_1_91' title='bbox 477 1891 697 1970; x_wconf 80' lang='lat' dir='ltr'><strong>conspiracione</strong></span> <span class='ocrx_word' id='word_1_92' title='bbox 717 1891 791 1969; x_wconf 72' lang='lat' dir='ltr'><strong>reaia</strong></span> <span class='ocrx_word' id='word_1_93' title='bbox 812 1891 945 1969; x_wconf 74' lang='lat' dir='ltr'><strong>eccequi.</strong></span> <span class='ocrx_word' id='word_1_94' title='bbox 990 1888 1021 1950; x_wconf 88' lang='lat' dir='ltr'><strong>Si</strong></span> <span class='ocrx_word' id='word_1_95' title='bbox 1036 1889 1104 1970; x_wconf 93' lang='lat' dir='ltr'><strong>quis</strong></span> <span class='ocrx_word' id='word_1_96' title='bbox 1119 1889 1152 1950; x_wconf 91' lang='lat' dir='ltr'><strong>in</strong></span> <span class='ocrx_word' id='word_1_97' title='bbox 1166 1908 1217 1950; x_wconf 88' lang='lat' dir='ltr'><strong>re-</strong></span> 
     </span>
     <span class='ocr_line' id='line_1_15' title="bbox 185 1999 1218 2082; baseline 0.002 -22"><span class='ocrx_word' id='word_1_98' title='bbox 185 2019 257 2082; x_wconf 84' lang='lat' dir='ltr'><strong>gem</strong></span> <span class='ocrx_word' id='word_1_99' title='bbox 272 2011 325 2064; x_wconf 91' lang='lat' dir='ltr'><strong>aut</strong></span> <span class='ocrx_word' id='word_1_100' title='bbox 339 2001 372 2062; x_wconf 93' lang='lat' dir='ltr'><strong>in</strong></span> <span class='ocrx_word' id='word_1_101' title='bbox 385 2020 518 2082; x_wconf 81' lang='lat' dir='ltr'><strong>regnum</strong></span> <span class='ocrx_word' id='word_1_102' title='bbox 534 2001 774 2080; x_wconf 86' lang='lat' dir='ltr'><strong>conspirauerit,</strong></span> <span class='ocrx_word' id='word_1_103' title='bbox 795 1999 953 2082; x_wconf 82' lang='lat' dir='ltr'><strong>refugium</strong></span> <span class='ocrx_word' id='word_1_104' title='bbox 968 2000 1088 2062; x_wconf 90' lang='lat' dir='ltr'><strong>nullum</strong></span> <span class='ocrx_word' id='word_1_105' title='bbox 1101 2000 1218 2062; x_wconf 86' lang='lat' dir='ltr'><strong>habeat</strong></span> 
     </span>
     <span class='ocr_line' id='line_1_16' title="bbox 186 2111 1216 2194; baseline -0.001 -20"><span class='ocrx_word' id='word_1_106' title='bbox 186 2113 227 2174; x_wconf 91' lang='lat' dir='ltr'><strong>ad</strong></span> <span class='ocrx_word' id='word_1_107' title='bbox 244 2111 418 2175; x_wconf 85' lang='lat' dir='ltr'><strong>ecclesiam.</strong></span> <span class='ocrx_word' id='word_1_108' title='bbox 452 2119 483 2176; x_wconf 89' lang='lat' dir='ltr'><strong>et</strong></span> <span class='ocrx_word' id='word_1_109' title='bbox 497 2111 524 2174; x_wconf 94' lang='lat' dir='ltr'><strong>si</strong></span> <span class='ocrx_word' id='word_1_110' title='bbox 540 2111 608 2192; x_wconf 90' lang='lat' dir='ltr'><strong>quis</strong></span> <span class='ocrx_word' id='word_1_111' title='bbox 624 2112 706 2173; x_wconf 87' lang='lat' dir='ltr'><strong>circa</strong></span> <span class='ocrx_word' id='word_1_112' title='bbox 719 2112 804 2194; x_wconf 81' lang='lat' dir='ltr'><strong>regis</strong></span> <span class='ocrx_word' id='word_1_113' title='bbox 819 2113 950 2174; x_wconf 87' lang='lat' dir='ltr'><strong>salutem</strong></span> <span class='ocrx_word' id='word_1_114' title='bbox 966 2120 1020 2174; x_wconf 89' lang='lat' dir='ltr'><strong>aut</strong></span> <span class='ocrx_word' id='word_1_115' title='bbox 1035 2113 1216 2192; x_wconf 84' lang='lat' dir='ltr'><strong>dignitatem</strong></span> 
     </span>
     <span class='ocr_line' id='line_1_17' title="bbox 184 2223 1217 2308; baseline -0.004 -20"><span class='ocrx_word' id='word_1_116' title='bbox 184 2224 326 2308; x_wconf 91' lang='lat' dir='ltr'><strong>quolibet</strong></span> <span class='ocrx_word' id='word_1_117' title='bbox 339 2223 433 2285; x_wconf 93' lang='lat' dir='ltr'><strong>modu</strong></span> <span class='ocrx_word' id='word_1_118' title='bbox 449 2223 567 2305; x_wconf 89' lang='lat' dir='ltr'><strong>aliquid</strong></span> <span class='ocrx_word' id='word_1_119' title='bbox 584 2223 822 2302; x_wconf 79' lang='lat' dir='ltr'><strong>conspirauerit,</strong></span> <span class='ocrx_word' id='word_1_120' title='bbox 837 2231 890 2284; x_wconf 85' lang='lat' dir='ltr'><strong>aut</strong></span> <span class='ocrx_word' id='word_1_121' title='bbox 901 2223 1082 2304; x_wconf 88' lang='lat' dir='ltr'><strong>conspirare</strong></span> <span class='ocrx_word' id='word_1_122' title='bbox 1097 2223 1217 2302; x_wconf 86' lang='lat' dir='ltr'><strong>aliquid</strong></span> 
     </span>
     <span class='ocr_line' id='line_1_18' title="bbox 183 2333 1217 2410; baseline -0.007 -9"><span class='ocrx_word' id='word_1_123' title='bbox 183 2336 368 2410; x_wconf 87' lang='lat' dir='ltr'><strong>tentouerit,</strong></span> <span class='ocrx_word' id='word_1_124' title='bbox 390 2355 446 2398; x_wconf 91' lang='lat' dir='ltr'><strong>seu</strong></span> <span class='ocrx_word' id='word_1_125' title='bbox 462 2335 575 2398; x_wconf 89' lang='lat' dir='ltr'><strong>tentari</strong></span> <span class='ocrx_word' id='word_1_126' title='bbox 590 2334 692 2398; x_wconf 87' lang='lat' dir='ltr'><strong>sciens</strong></span> <span class='ocrx_word' id='word_1_127' title='bbox 708 2333 916 2408; x_wconf 87' lang='lat' dir='ltr'><strong>consenserit,</strong></span> <span class='ocrx_word' id='word_1_128' title='bbox 938 2334 1217 2397; x_wconf 84' lang='lat' dir='ltr'><strong>anathematizetur</strong></span> 
     </span>
    </p>
   </div>
   <div class='ocr_carea' id='block_1_3' title="bbox 183 2445 1219 2978">
    <p class='ocr_par' dir='ltr' id='par_1_6' title="bbox 183 2445 1217 2756">
     <span class='ocr_line' id='line_1_19' title="bbox 185 2445 1217 2530; baseline -0.005 -16"><span class='ocrx_word' id='word_1_129' title='bbox 185 2460 217 2514; x_wconf 86' lang='lat' dir='ltr'><strong>et</strong></span> <span class='ocrx_word' id='word_1_130' title='bbox 231 2450 371 2512; x_wconf 91' lang='lat' dir='ltr'><strong>omnium</strong></span> <span class='ocrx_word' id='word_1_131' title='bbox 385 2447 525 2510; x_wconf 90' lang='lat' dir='ltr'><strong>fidelium</strong></span> <span class='ocrx_word' id='word_1_132' title='bbox 541 2447 760 2510; x_wconf 87' lang='lat' dir='ltr'><strong>communione</strong></span> <span class='ocrx_word' id='word_1_133' title='bbox 774 2445 925 2530; x_wconf 81' lang='lat' dir='ltr'><strong>priuatur.</strong></span> <span class='ocrx_word' id='word_1_134' title='bbox 948 2447 1015 2512; x_wconf 87' lang='lat' dir='ltr'><strong>etsi</strong></span> <span class='ocrx_word' id='word_1_135' title='bbox 1026 2447 1096 2528; x_wconf 93' lang='lat' dir='ltr'><strong>quis</strong></span> <span class='ocrx_word' id='word_1_136' title='bbox 1108 2446 1217 2509; x_wconf 92' lang='lat' dir='ltr'><strong>huius-</strong></span> 
     </span>
     <span class='ocr_line' id='line_1_20' title="bbox 183 2545 1216 2642; baseline 0 -18"><span class='ocrx_word' id='word_1_137' title='bbox 183 2561 271 2624; x_wconf 88' lang='lat' dir='ltr'><strong>modi</strong></span> <span class='ocrx_word' id='word_1_138' title='bbox 286 2561 422 2642; x_wconf 91' lang='lat' dir='ltr'><strong>aliquem</strong></span> <span class='ocrx_word' id='word_1_139' title='bbox 441 2545 581 2634; x_wconf 88' lang='lat' dir='ltr'><strong>nouerit,</strong></span> <span class='ocrx_word' id='word_1_140' title='bbox 602 2568 635 2622; x_wconf 90' lang='lat' dir='ltr'><strong>et</strong></span> <span class='ocrx_word' id='word_1_141' title='bbox 655 2568 726 2640; x_wconf 90' lang='lat' dir='ltr'><strong>post</strong></span> <span class='ocrx_word' id='word_1_142' title='bbox 745 2559 803 2622; x_wconf 89' lang='lat' dir='ltr'><strong>hec</strong></span> <span class='ocrx_word' id='word_1_143' title='bbox 819 2558 926 2622; x_wconf 84' lang='lat' dir='ltr'><strong>ualens</strong></span> <span class='ocrx_word' id='word_1_144' title='bbox 947 2579 1010 2622; x_wconf 90' lang='lat' dir='ltr'><strong>nan</strong></span> <span class='ocrx_word' id='word_1_145' title='bbox 1027 2559 1216 2635; x_wconf 89' lang='lat' dir='ltr'><strong>edioauerit,</strong></span> 
     </span>
     <span class='ocr_line' id='line_1_21' title="bbox 184 2672 728 2756; baseline -0.007 -18"><span class='ocrx_word' id='word_1_146' title='bbox 184 2673 325 2756; x_wconf 81' lang='lat' dir='ltr'><strong>predicte</strong></span> <span class='ocrx_word' id='word_1_147' title='bbox 341 2673 502 2736; x_wconf 88' lang='lat' dir='ltr'><strong>subiaceat</strong></span> <span class='ocrx_word' id='word_1_148' title='bbox 518 2672 728 2736; x_wconf 86' lang='lat' dir='ltr'><strong>damnacioni.</strong></span> 
     </span>
    </p>

    <p class='ocr_par' dir='ltr' id='par_1_7' title="bbox 184 2785 1219 2978">
     <span class='ocr_line' id='line_1_22' title="bbox 268 2785 1219 2848; baseline 0.002 -2"><span class='ocrx_word' id='word_1_149' title='bbox 268 2786 378 2847; x_wconf 81' lang='lat' dir='ltr'><strong>XVlll.</strong></span> <span class='ocrx_word' id='word_1_150' title='bbox 421 2786 464 2846; x_wconf 86' lang='lat' dir='ltr'><strong>Dc</strong></span> <span class='ocrx_word' id='word_1_151' title='bbox 487 2785 691 2846; x_wconf 72' lang='lat' dir='ltr'><strong>decimariam.</strong></span> <span class='ocrx_word' id='word_1_152' title='bbox 736 2785 767 2846; x_wconf 87' lang='lat' dir='ltr'><strong>Si</strong></span> <span class='ocrx_word' id='word_1_153' title='bbox 791 2785 840 2847; x_wconf 93' lang='lat' dir='ltr'><strong>cui</strong></span> <span class='ocrx_word' id='word_1_154' title='bbox 863 2787 940 2848; x_wconf 88' lang='lat' dir='ltr'><strong>deus</strong></span> <span class='ocrx_word' id='word_1_155' title='bbox 963 2787 1071 2848; x_wconf 88' lang='lat' dir='ltr'><strong>decem</strong></span> <span class='ocrx_word' id='word_1_156' title='bbox 1095 2785 1219 2848; x_wconf 87' lang='lat' dir='ltr'><strong>dederit</strong></span> 
     </span>
     <span class='ocr_line' id='line_1_23' title="bbox 184 2898 1219 2978; baseline -0.003 -17"><span class='ocrx_word' id='word_1_157' title='bbox 184 2900 218 2962; x_wconf 92' lang='lat' dir='ltr'><strong>in</strong></span> <span class='ocrx_word' id='word_1_158' title='bbox 243 2919 345 2971; x_wconf 90' lang='lat' dir='ltr'><strong>anno,</strong></span> <span class='ocrx_word' id='word_1_159' title='bbox 366 2899 522 2960; x_wconf 85' lang='lat' dir='ltr'><strong>decimam</strong></span> <span class='ocrx_word' id='word_1_160' title='bbox 541 2899 601 2959; x_wconf 90' lang='lat' dir='ltr'><strong>deo</strong></span> <span class='ocrx_word' id='word_1_161' title='bbox 622 2898 684 2959; x_wconf 88' lang='lat' dir='ltr'><strong>det.</strong></span> <span class='ocrx_word' id='word_1_162' title='bbox 713 2905 745 2959; x_wconf 92' lang='lat' dir='ltr'><strong>et</strong></span> <span class='ocrx_word' id='word_1_163' title='bbox 765 2898 790 2958; x_wconf 92' lang='lat' dir='ltr'><strong>si</strong></span> <span class='ocrx_word' id='word_1_164' title='bbox 806 2899 874 2978; x_wconf 88' lang='lat' dir='ltr'><strong>quis</strong></span> <span class='ocrx_word' id='word_1_165' title='bbox 890 2899 1044 2962; x_wconf 87' lang='lat' dir='ltr'><strong>decimam</strong></span> <span class='ocrx_word' id='word_1_166' title='bbox 1059 2917 1147 2961; x_wconf 85' lang='lat' dir='ltr'><strong>suam</strong></span> <span class='ocrx_word' id='word_1_167' title='bbox 1164 2898 1219 2960; x_wconf 89' lang='lat' dir='ltr'><strong>ab·</strong></span> 
     </span>
    </p>
   </div>
   <div class='ocr_carea' id='block_1_4' title="bbox 184 3008 1221 4214">
    <p class='ocr_par' dir='ltr' id='par_1_8' title="bbox 184 3008 1218 3314">
     <span class='ocr_line' id='line_1_24' title="bbox 184 3008 1218 3092; baseline -0.001 -18"><span class='ocrx_word' id='word_1_168' title='bbox 184 3009 320 3085; x_wconf 86' lang='lat' dir='ltr'><strong>scandit,</strong></span> <span class='ocrx_word' id='word_1_169' title='bbox 339 3029 456 3073; x_wconf 91' lang='lat' dir='ltr'><strong>nouem</strong></span> <span class='ocrx_word' id='word_1_170' title='bbox 473 3011 535 3074; x_wconf 91' lang='lat' dir='ltr'><strong>det.</strong></span> <span class='ocrx_word' id='word_1_171' title='bbox 564 3019 595 3072; x_wconf 89' lang='lat' dir='ltr'><strong>et</strong></span> <span class='ocrx_word' id='word_1_172' title='bbox 610 3010 638 3072; x_wconf 95' lang='lat' dir='ltr'><strong>si</strong></span> <span class='ocrx_word' id='word_1_173' title='bbox 655 3009 724 3091; x_wconf 91' lang='lat' dir='ltr'><strong>quis</strong></span> <span class='ocrx_word' id='word_1_174' title='bbox 741 3008 987 3072; x_wconf 87' lang='lat' dir='ltr'><strong>decimacionem</strong></span> <span class='ocrx_word' id='word_1_175' title='bbox 1003 3011 1152 3092; x_wconf 89' lang='lat' dir='ltr'><strong>episcopo</strong></span> <span class='ocrx_word' id='word_1_176' title='bbox 1167 3031 1218 3073; x_wconf 92' lang='lat' dir='ltr'><strong>se-</strong></span> 
     </span>
     <span class='ocr_line' id='line_1_25' title="bbox 187 3119 1218 3204; baseline -0.001 -20"><span class='ocrx_word' id='word_1_177' title='bbox 187 3119 328 3204; x_wconf 80' lang='lat' dir='ltr'><strong>paratam</strong></span> <span class='ocrx_word' id='word_1_178' title='bbox 347 3123 469 3184; x_wconf 84' lang='lat' dir='ltr'><strong>furatus</strong></span> <span class='ocrx_word' id='word_1_179' title='bbox 491 3121 603 3195; x_wconf 86' lang='lat' dir='ltr'><strong>luerit,</strong></span> <span class='ocrx_word' id='word_1_180' title='bbox 626 3121 815 3184; x_wconf 87' lang='lat' dir='ltr'><strong>diiudicetur</strong></span> <span class='ocrx_word' id='word_1_181' title='bbox 836 3131 870 3182; x_wconf 90' lang='lat' dir='ltr'><strong>ut</strong></span> <span class='ocrx_word' id='word_1_182' title='bbox 891 3119 951 3185; x_wconf 90' lang='lat' dir='ltr'><strong>fur.</strong></span> <span class='ocrx_word' id='word_1_183' title='bbox 982 3141 1018 3184; x_wconf 91' lang='lat' dir='ltr'><strong>ac</strong></span> <span class='ocrx_word' id='word_1_184' title='bbox 1038 3123 1218 3186; x_wconf 91' lang='lat' dir='ltr'><strong>huiusmodi</strong></span> 
     </span>
     <span class='ocr_line' id='line_1_26' title="bbox 187 3234 897 3314; baseline 0 -18"><span class='ocrx_word' id='word_1_185' title='bbox 187 3234 380 3314; x_wconf 84' lang='lat' dir='ltr'><strong>composicio</strong></span> <span class='ocrx_word' id='word_1_186' title='bbox 396 3241 460 3296; x_wconf 84' lang='lat' dir='ltr'><strong>tota</strong></span> <span class='ocrx_word' id='word_1_187' title='bbox 474 3235 631 3314; x_wconf 85' lang='lat' dir='ltr'><strong>pertineat</strong></span> <span class='ocrx_word' id='word_1_188' title='bbox 646 3234 684 3294; x_wconf 87' lang='lat' dir='ltr'><strong>ad</strong></span> <span class='ocrx_word' id='word_1_189' title='bbox 701 3234 897 3314; x_wconf 82' lang='lat' dir='ltr'><strong>episcopum.</strong></span> 
     </span>
    </p>

    <p class='ocr_par' dir='ltr' id='par_1_9' title="bbox 188 3343 1220 3650">
     <span class='ocr_line' id='line_1_27' title="bbox 269 3343 1219 3426; baseline -0.001 -21"><span class='ocrx_word' id='word_1_190' title='bbox 269 3344 355 3406; x_wconf 85' lang='lat' dir='ltr'><strong>xlx.</strong></span> <span class='ocrx_word' id='word_1_191' title='bbox 396 3344 440 3404; x_wconf 88' lang='lat' dir='ltr'><strong>Dc</strong></span> <span class='ocrx_word' id='word_1_192' title='bbox 461 3346 592 3405; x_wconf 81' lang='lat' dir='ltr'><strong>carrucio</strong></span> <span class='ocrx_word' id='word_1_193' title='bbox 616 3343 763 3404; x_wconf 83' lang='lat' dir='ltr'><strong>comitam.</strong></span> <span class='ocrx_word' id='word_1_194' title='bbox 808 3345 931 3426; x_wconf 88' lang='lat' dir='ltr'><strong>Siquis</strong></span> <span class='ocrx_word' id='word_1_195' title='bbox 954 3345 1105 3408; x_wconf 84' lang='lat' dir='ltr'><strong>uersuciis</strong></span> <span class='ocrx_word' id='word_1_196' title='bbox 1126 3343 1219 3408; x_wconf 88' lang='lat' dir='ltr'><strong>alicui</strong></span> 
     </span>
     <span class='ocr_line' id='line_1_28' title="bbox 189 3455 1220 3540; baseline 0.002 -24"><span class='ocrx_word' id='word_1_197' title='bbox 189 3455 340 3518; x_wconf 89' lang='lat' dir='ltr'><strong>comitum</strong></span> <span class='ocrx_word' id='word_1_198' title='bbox 354 3455 406 3516; x_wconf 90' lang='lat' dir='ltr'><strong>uel</strong></span> <span class='ocrx_word' id='word_1_199' title='bbox 421 3455 510 3518; x_wconf 87' lang='lat' dir='ltr'><strong>alteri</strong></span> <span class='ocrx_word' id='word_1_200' title='bbox 524 3475 660 3538; x_wconf 87' lang='lat' dir='ltr'><strong>persone</strong></span> <span class='ocrx_word' id='word_1_201' title='bbox 674 3455 760 3520; x_wconf 88' lang='lat' dir='ltr'><strong>fideli</strong></span> <span class='ocrx_word' id='word_1_202' title='bbox 776 3457 891 3518; x_wconf 83' lang='lat' dir='ltr'><strong>dixerit</strong></span> <span class='ocrx_word' id='word_1_203' title='bbox 906 3477 913 3516; x_wconf 76' lang='grc' dir='ltr'><strong>ι</strong></span> <span class='ocrx_word' id='word_1_204' title='bbox 936 3457 1041 3518; x_wconf 92' lang='lat' dir='ltr'><strong>audiui</strong></span> <span class='ocrx_word' id='word_1_205' title='bbox 1056 3477 1164 3540; x_wconf 79' lang='lat' dir='ltr'><strong>regem</strong></span> <span class='ocrx_word' id='word_1_206' title='bbox 1180 3457 1220 3520; x_wconf 88' lang='lat' dir='ltr'><strong>ad</strong></span> 
     </span>
     <span class='ocr_line' id='line_1_29' title="bbox 188 3567 1176 3650; baseline -0.004 -18"><span class='ocrx_word' id='word_1_207' title='bbox 188 3576 275 3632; x_wconf 89' lang='lat' dir='ltr'><strong>tuam</strong></span> <span class='ocrx_word' id='word_1_208' title='bbox 289 3567 507 3650; x_wconf 83' lang='lat' dir='ltr'><strong>perdicionem</strong></span> <span class='ocrx_word' id='word_1_209' title='bbox 521 3567 626 3650; x_wconf 90' lang='lat' dir='ltr'><strong>loqui,</strong></span> <span class='ocrx_word' id='word_1_210' title='bbox 648 3578 679 3634; x_wconf 89' lang='lat' dir='ltr'><strong>et</strong></span> <span class='ocrx_word' id='word_1_211' title='bbox 692 3569 744 3632; x_wconf 87' lang='lat' dir='ltr'><strong>hio</strong></span> <span class='ocrx_word' id='word_1_212' title='bbox 758 3570 907 3631; x_wconf 88' lang='lat' dir='ltr'><strong>inuentus</strong></span> <span class='ocrx_word' id='word_1_213' title='bbox 922 3567 1034 3643; x_wconf 86' lang='lat' dir='ltr'><strong>luerit,</strong></span> <span class='ocrx_word' id='word_1_214' title='bbox 1055 3576 1176 3650; x_wconf 89' lang='lat' dir='ltr'><strong>pereat.</strong></span> 
     </span>
    </p>

    <p class='ocr_par' dir='ltr' id='par_1_10' title="bbox 188 3677 1221 4214">
     <span class='ocr_line' id='line_1_30' title="bbox 272 3677 1219 3762; baseline 0 -22"><span class='ocrx_word' id='word_1_215' title='bbox 272 3677 343 3741; x_wconf 89' lang='lat' dir='ltr'><strong>XX.</strong></span> <span class='ocrx_word' id='word_1_216' title='bbox 385 3680 429 3740; x_wconf 89' lang='lat' dir='ltr'><strong>De</strong></span> <span class='ocrx_word' id='word_1_217' title='bbox 452 3681 664 3742; x_wconf 79' lang='lat' dir='ltr'><strong>adulatoribus.</strong></span> <span class='ocrx_word' id='word_1_218' title='bbox 717 3679 749 3742; x_wconf 84' lang='lat' dir='ltr'><strong>si</strong></span> <span class='ocrx_word' id='word_1_219' title='bbox 773 3680 843 3762; x_wconf 90' lang='lat' dir='ltr'><strong>quis</strong></span> <span class='ocrx_word' id='word_1_220' title='bbox 868 3679 981 3742; x_wconf 85' lang='lat' dir='ltr'><strong>falsum</strong></span> <span class='ocrx_word' id='word_1_221' title='bbox 1006 3678 1219 3743; x_wconf 86' lang='lat' dir='ltr'><strong>testimonium</strong></span> 
     </span>
     <span class='ocr_line' id='line_1_31' title="bbox 190 3788 1221 3870; baseline 0.003 -18"><span class='ocrx_word' id='word_1_222' title='bbox 190 3790 243 3852; x_wconf 90' lang='lat' dir='ltr'><strong>uel</strong></span> <span class='ocrx_word' id='word_1_223' title='bbox 258 3791 451 3854; x_wconf 88' lang='lat' dir='ltr'><strong>adulacionis</strong></span> <span class='ocrx_word' id='word_1_224' title='bbox 466 3812 646 3855; x_wconf 90' lang='lat' dir='ltr'><strong>sermonem</strong></span> <span class='ocrx_word' id='word_1_225' title='bbox 662 3799 768 3853; x_wconf 88' lang='lat' dir='ltr'><strong>contra</strong></span> <span class='ocrx_word' id='word_1_226' title='bbox 789 3790 911 3870; x_wconf 86' lang='lat' dir='ltr'><strong>aliquos</strong></span> <span class='ocrx_word' id='word_1_227' title='bbox 934 3788 1113 3870; x_wconf 87' lang='lat' dir='ltr'><strong>protulerit,</strong></span> <span class='ocrx_word' id='word_1_228' title='bbox 1134 3800 1221 3856; x_wconf 88' lang='lat' dir='ltr'><strong>tace·</strong></span> 
     </span>
     <span class='ocr_line' id='line_1_32' title="bbox 188 3901 1220 3988; baseline 0.001 -20"><span class='ocrx_word' id='word_1_229' title='bbox 188 3925 288 3986; x_wconf 87' lang='lat' dir='ltr'><strong>reque</strong></span> <span class='ocrx_word' id='word_1_230' title='bbox 301 3925 360 3967; x_wconf 86' lang='lat' dir='ltr'><strong>eos</strong></span> <span class='ocrx_word' id='word_1_231' title='bbox 377 3905 563 3988; x_wconf 80' lang='lat' dir='ltr'><strong>deprecatus</strong></span> <span class='ocrx_word' id='word_1_232' title='bbox 584 3903 695 3976; x_wconf 87' lang='lat' dir='ltr'><strong>luerit,</strong></span> <span class='ocrx_word' id='word_1_233' title='bbox 715 3909 749 3964; x_wconf 88' lang='lat' dir='ltr'><strong>ut</strong></span> <span class='ocrx_word' id='word_1_234' title='bbox 763 3901 881 3965; x_wconf 86' lang='lat' dir='ltr'><strong>astucia</strong></span> <span class='ocrx_word' id='word_1_235' title='bbox 896 3902 1011 3966; x_wconf 89' lang='lat' dir='ltr'><strong>diaboli</strong></span> <span class='ocrx_word' id='word_1_236' title='bbox 1026 3905 1067 3966; x_wconf 88' lang='lat' dir='ltr'><strong>ad</strong></span> <span class='ocrx_word' id='word_1_237' title='bbox 1081 3903 1220 3968; x_wconf 88' lang='lat' dir='ltr'><strong>inuicem</strong></span> 
     </span>
     <span class='ocr_line' id='line_1_33' title="bbox 189 4013 1219 4100; baseline -0.006 -18"><span class='ocrx_word' id='word_1_238' title='bbox 189 4037 246 4082; x_wconf 88' lang='lat' dir='ltr'><strong>eos</strong></span> <span class='ocrx_word' id='word_1_239' title='bbox 261 4026 404 4099; x_wconf 84' lang='lat' dir='ltr'><strong>separet,</strong></span> <span class='ocrx_word' id='word_1_240' title='bbox 425 4017 528 4082; x_wconf 89' lang='lat' dir='ltr'><strong>soluat</strong></span> <span class='ocrx_word' id='word_1_241' title='bbox 541 4015 618 4077; x_wconf 80' lang='lat' dir='ltr'><strong>diras</strong></span> <span class='ocrx_word' id='word_1_242' title='bbox 634 4013 882 4096; x_wconf 87' lang='lat' dir='ltr'><strong>composiciones</strong></span> <span class='ocrx_word' id='word_1_243' title='bbox 901 4015 1020 4078; x_wconf 81' lang='lat' dir='ltr'><strong>fallacis</strong></span> <span class='ocrx_word' id='word_1_244' title='bbox 1041 4016 1147 4100; x_wconf 80' lang='lat' dir='ltr'><strong>lingue</strong></span> <span class='ocrx_word' id='word_1_245' title='bbox 1161 4036 1219 4096; x_wconf 88' lang='lat' dir='ltr'><strong>pro</strong></span> 
     </span>
     <span class='ocr_line' id='line_1_34' title="bbox 189 4125 1219 4214; baseline -0.007 -17"><span class='ocrx_word' id='word_1_246' title='bbox 189 4140 280 4197; x_wconf 88' lang='lat' dir='ltr'><strong>reatu</strong></span> <span class='ocrx_word' id='word_1_247' title='bbox 295 4130 459 4196; x_wconf 87' lang='lat' dir='ltr'><strong>mendacii.</strong></span> <span class='ocrx_word' id='word_1_248' title='bbox 480 4129 506 4194; x_wconf 87' lang='lat' dir='ltr'><strong>si</strong></span> <span class='ocrx_word' id='word_1_249' title='bbox 521 4128 575 4193; x_wconf 91' lang='lat' dir='ltr'><strong>uni</strong></span> <span class='ocrx_word' id='word_1_250' title='bbox 589 4127 648 4194; x_wconf 92' lang='lat' dir='ltr'><strong>soli</strong></span> <span class='ocrx_word' id='word_1_251' title='bbox 663 4125 805 4192; x_wconf 88' lang='lat' dir='ltr'><strong>adulatus</strong></span> <span class='ocrx_word' id='word_1_252' title='bbox 820 4126 930 4206; x_wconf 86' lang='lat' dir='ltr'><strong>luerit,</strong></span> <span class='ocrx_word' id='word_1_253' title='bbox 951 4127 1091 4214; x_wconf 82' lang='lat' dir='ltr'><strong>priuatur</strong></span> <span class='ocrx_word' id='word_1_254' title='bbox 1103 4129 1219 4214; x_wconf 80' lang='lat' dir='ltr'><strong>lingua.</strong></span> 
     </span>
    </p>
   </div>
   <div class='ocr_carea' id='block_1_5' title="bbox 0 0 1470 4758">
    <p class='ocr_par' dir='ltr' id='par_1_11' title="bbox 0 0 1470 4758">
     <span class='ocr_line' id='line_1_35' title="bbox 0 0 1470 4758; baseline 0 0"><span class='ocrx_word' id='word_1_255' title='bbox 0 0 1470 4758; x_wconf 95' lang='lat' dir='ltr'><strong> </strong></span> 
     </span>
    </p>
   </div>
  </div>
 </body>
</html>
