2924 4758
403 421 538 469 srnonus
559 421 788 469 srnreonmnsrs
808 421 912 468 aaron.
1112 404 1173 467 357

220 581 328 646 nullus
344 579 539 644 Christianus
562 597 672 642 carues
688 580 727 644 ab
742 577 790 642 eis
805 585 927 660 spretas
943 596 1048 642 emere
1062 597 1185 659 presu-v

131 699 216 758 met.

222 804 303 880 (61)
326 801 487 864 decretum
503 809 552 864 est
565 808 597 864 et
610 801 709 864 sancti
725 798 850 863 concilii
868 799 1052 862 auctoritate
1074 798 1175 862 sanei-

130 925 226 991 tum,
246 922 283 978 ut
298 915 337 977 de
353 913 488 995 propriis
502 912 625 975 horreis
646 933 703 976 seu
723 911 857 974 cellariis
879 919 933 974 aut
953 909 1088 972 ouilibus
1106 932 1175 974 mo-

132 1029 352 1094 nasteriorum
376 1033 408 1088 et
429 1026 634 1088 ecclesiarum
658 1025 811 1098 omnium,
841 1043 902 1106 que
927 1021 961 1084 in
979 1023 1065 1085 clero
1086 1029 1174 1097 sunt,

134 1141 265 1204 decime
286 1157 351 1204 non
372 1138 547 1219 exigantur,
577 1145 709 1218 excepta
731 1143 842 1218 quarta
865 1143 954 1217 parte
975 1135 1175 1217 parrochiani

135 1251 320 1334 presbiteri.

226 1365 311 1440 (66)
335 1369 368 1426 ut
383 1381 492 1425 omnes
508 1361 721 1424 archidiaconi
735 1361 928 1424 breuiarium
943 1379 1099 1424 canonum
1119 1361 1176 1424 ha·

137 1477 249 1539 beant.

226 1588 308 1662 (63)
330 1585 495 1669 presbiteri
517 1602 645 1668 quoque
671 1584 878 1649 ecclesiarum
904 1586 988 1650 iuxta
1009 1585 1176 1648 ecclesiam

83 1695 86 1702 ’
140 1701 274 1765 domum
288 1700 437 1764 habeant.

226 1813 310 1874 serui
331 1809 533 1872 ecclesiarum
564 1810 590 1874 si
611 1811 711 1874 boues
733 1808 878 1892 proprios
900 1807 1083 1882 habuerint,
1110 1828 1177 1874 ma·
1207 1881 1211 1885 ,

142 1923 233 2008 gistri
248 1922 297 1987 sui
312 1921 471 1984 dimidiam
486 1927 608 2003 partem
624 1922 663 1984 de
678 1921 739 1994 his,
759 1941 822 2002 que
837 1921 1009 1994 arcuerim,
1031 1921 1057 1983 si
1072 1926 1177 1984 autem

143 2053 218 2096 cum
241 2033 345 2095 bubus
369 2032 589 2114 magistrorum
613 2053 743 2096 suorum
768 2033 940 2107 arauerint,
969 2033 1047 2094 duas
1072 2041 1177 2115 partes

142 2146 219 2210 inde
235 2146 384 2228 magister
399 2145 605 2208 ecclesiarum
618 2145 742 2207 habeat.

228 2256 310 2332 (66)
333 2255 513 2338 quicunque
536 2255 575 2318 de
596 2254 646 2318 his
668 2255 768 2336 quiin
783 2255 868 2318 ciero
884 2263 957 2317 sunt
976 2255 1017 2316 ad
1032 2254 1177 2318 sinodum

146 2368 285 2454 episcopi
301 2367 349 2432 sui
364 2387 427 2430 nou
442 2367 581 2442 uenerit,
606 2386 706 2448 usque
722 2367 763 2430 ad
778 2364 891 2428 laicum
907 2366 1094 2448 deponatur.

229 2479 309 2554 (65)
331 2477 357 2539 si
379 2477 448 2560 quis
468 2477 595 2540 alterius
618 2497 746 2540 seruum
777 2477 829 2540 uel
856 2476 1048 2540 seruientem
1068 2477 1178 2552 talem,

146 2588 202 2675 qni
225 2589 363 2652 domino·
375 2608 432 2650 suo
453 2587 520 2650 sine
539 2589 637 2670 ipsius
658 2589 820 2650 uoluntate
835 2587 966 2650 alienari
987 2607 1051 2650 non
1066 2595 1179 2670 potest,

146 2702 200 2764 uel
221 2701 393 2786 quemlibet
414 2701 453 2763 de
474 2699 559 2762 ciuili
579 2701 698 2782 populo
713 2700 819 2764 literas
835 2700 994 2773 docuerit,
1016 2720 1072 2762 seu
1088 2699 1179 2762 cleri·

147 2831 220 2877 cum
234 2812 362 2886 fecerit,
378 2813 498 2896 absque
515 2811 714 2876 consciencia
729 2819 759 2874 et
774 2811 972 2876 confessione
988 2811 1106 2872 domini
1119 2812 1178 2886 sui,

145 2925 250 3008 ipsum
271 2924 404 2987 redimat
425 2931 457 2986 et
476 2924 606 3004 insuper
626 2925 856 3008 quinquaginta
874 2942 989 3004 pensas
1009 2921 1178 3004 persoluat.

230 3036 308 3110 (66)
336 3035 362 3096 si
385 3035 454 3116 quis
472 3034 675 3098 homicidium
696 3035 826 3110 iecerit,
853 3033 1029 3098 secundum
1052 3033 1180 3096 decreta

145 3147 296 3210 Ancirani
310 3147 434 3208 concilii
448 3146 597 3228 peniteat.

232 3260 309 3336 (67)
338 3258 443 3320 clerici
463 3259 699 3340 repudiatarum
723 3259 954 3342 uiduarumque
976 3259 1095 3333 mariti,
1119 3279 1179 3322 nec

59 3403 73 3416 -
147 3349 259 3436 nonet
273 3371 389 3454 bigami
404 3372 444 3434 ab
455 3372 566 3434 ordine
583 3373 791 3454 deponantur,
808 3379 838 3436 et
849 3372 875 3434 si
886 3371 1182 3450 teuentecclesiem,

149 3491 277 3546 careant
291 3483 435 3546 ecclesia.

232 3595 310 3670 (68)
331 3593 436 3656 nulius
461 3593 612 3670 clericus,
640 3596 745 3658 nullus
770 3615 876 3659 comes
896 3595 1068 3678 quemlibet
1090 3595 1183 3658 cieri-

150 3727 221 3772 cum
236 3707 385 3790 suscipiat
399 3707 439 3768 ad
455 3706 599 3770 diuinum
614 3707 752 3771 officium
765 3708 951 3782 tenendum,
973 3707 1033 3770 nisi
1046 3727 1103 3790 per
1116 3727 1182 3772 ma-

149 3839 225 3883 num
241 3818 444 3902 parrochiani
459 3817 608 3902 episcopi.
