3048 4760
381 434 641 488 cottsttrurieues
657 436 797 488 emenus
817 437 973 488 cuneum.
1006 421 1106 488 tete
1194 420 1259 490 508

232 591 345 675 qrnibrrs
360 591 413 656 uel
431 613 566 673 persone
579 601 782 676 contradens
797 595 892 659 tuerit
902 597 1093 672 iudicatum,
1121 599 1162 662 ed
1175 599 1257 662 reci-

229 703 376 784 piendum
398 705 675 770 etcdmittendum
689 707 908 788 exceptionem
926 691 1106 770 huiusmodi
1118 729 1184 790 per
1194 729 1256 792 ep-

230 823 372 896 portune.
385 814 526 880 remedie
551 815 787 896 compelleretur.
822 835 892 880 cum
918 837 998 899 quos
1022 819 1073 880 dei
1089 819 1191 882 timor
1214 820 1255 884 de

229 925 311 1016 melo
322 945 391 989 ,nou
404 934 548 1000 reuocet,
569 947 652 1008 pena
662 927 837 991 cohercere
852 927 967 991 debent
982 929 1173 1011 temporalis.
1252 957 1255 962 ·

310 1033 378 1118 ,(57)
399 1037 568 1101 statuimus
588 1039 675 1120 quod
697 1039 838 1103 uniuersi
859 1046 891 1102 et
908 1038 1022 1121 singuli
1042 1048 1149 1104 nostre
1168 1041 1257 1124 legn-

229 1147 338 1221 ciunis,
359 1148 575 1230 cuiuscunque
594 1149 660 1213 sint
677 1149 1065 1233 exeoueneie,.dignttetts
1079 1162 1133 1216 erit
1146 1160 1256 1228 motus,

228 1259 434 1340 temporalem
462 1259 710 1324 iurisdictionem
738 1260 908 1335 hebentes,
943 1262 983 1325 ed
1010 1264 1255 1344 requisieiouern

181 1346 184 1350 ⁵
228 1371 422 1452 prelatorum
435 1389 492 1434 seu
506 1371 643 1435 iudicum
655 1371 935 1436 ceclesiasticorum
948 1383 1060 1437 contra
1072 1375 1209 1440 rebelles
1222 1384 1256 1440 et

227 1481 454 1554 inobedientes,
475 1502 531 1545 eos
545 1481 597 1546 uel
610 1501 723 1554 cerum
735 1484 911 1548 sentencias
927 1493 1176 1562 contemnentes,
1196 1506 1275 1566 sen!

229 1611 293 1654 non
306 1601 470 1674 parentes,
492 1593 569 1658 eiius
582 1593 628 1656 rei
643 1578 777 1658 iodiiete
792 1595 831 1656 ab
847 1594 892 1658 eis
908 1596 947 1658 de
962 1595 1026 1670 bis,
1041 1605 1080 1660 et
1093 1615 1190 1677 super
1203 1596 1254 1660 bis

230 1722 296 1785 que
314 1703 529 1786 principaliter
548 1705 605 1768 uel
626 1705 802 1771 incidenter
825 1707 865 1768 dc
888 1707 1195 1772 eonsuetudiueuel
1214 1710 1256 1773 dc

227 1813 294 1876 iure
315 1815 357 1876 ed
375 1813 496 1888 vforum,
516 1815 782 1890 iurisdictionem,
801 1837 860 1881 seu
873 1819 1092 1900 cognitionem
1113 1819 1258 1901 ipsorum,

227 1933 371 2005 spectare
382 1933 565 2000 noscuntur,
586 1935 770 1990 reuerentes
783 1927 946 1994 breobium
961 1949 1016 1990 sue
1031 1929 1257 1997 iurisdictionis
1272 1959 1273 1962 ¹

226 2034 423 2117 impendent,
445 2036 585 2102 rebelles
604 2046 636 2100 et
652 2038 880 2112 inobedientes,
902 2047 996 2120 etque
1018 2061 1082 2102 non
1104 2049 1255 2122 parentes

226 2145 417 2214 huiusmodi,
430 2167 466 2210 eo
487 2149 775 2217 excommunicatos
793 2169 944 2230 quosque·
964 2151 1005 2212 ab
1028 2149 1104 2230 ipsis
1126 2151 1258 2231 prelatio

226 2277 283 2322 seu
298 2259 521 2329 ecclesiasticis
539 2259 694 2323 iudicibus
714 2279 771 2322 seu
786 2259 862 2322 alies
877 2259 1058 2322 ebbomine
1072 2261 1125 2324 uel
1139 2281 1158 2324 a
1170 2263 1259 2336 iure,

226 2371 329 2434 redire
351 2372 391 2436 ed
405 2371 545 2436 ,ecclesie
567 2371 719 2434 unitatem
742 2391 778 2434 ec
796 2371 981 2437 ¹sutisioeere
1001 2391 1057 2454 pro
1071 2374 1175 2437 censis
1196 2392 1258 2455 pro·

226 2482 340 2564 quibus
365 2483 711 2548 excommunicaciones
738 2483 918 2548 huiusmodi
945 2485 1164 2560 incurrerunt,
1196 2507 1254 2570 per

226 2595 471 2675 oocupecionem
489 2595 646 2658 bonorum
659 2615 726 2676 que,
736 2597 796 2658 sub
811 2617 869 2666 suu
881 2597 1095 2660 iurisdictione
1110 2606 1199 2672 sunt,
1220 2607 1260 2662 et·

102 2723 106 2728 ·
226 2703 285 2775 elis
297 2713 476 2786 opportune
483 2705 631 2770 remedie
640 2706 869 2788 compellendo.
889 2709 931 2770 ed
942 2709 1029 2788 quud
1044 2709 1157 2790 prefati
1171 2710 1252 2772 iudi·

224 2835 276 2878 ccs
296 2835 351 2893 per
373 2833 537 2879 censuram
560 2815 803 2879 ecclesiasticum
828 2815 1065 2897 compellentur.
1091 2819 1152 2900 ipsi
1172 2839 1258 2882 uero,

224 2924 337 3007 promti
352 2932 383 2986 et
397 2923 598 2988 ecclesiastici
612 2925 734 2991 iudices
747 2945 841 2988 uersu
855 2927 926 2986 uice
937 2926 1088 2988 laicorum
1101 2928 1250 3002 iudicum,

223 3057 278 3101 sue
292 3034 506 3100 iurisdictione
519 3035 551 3096 in
565 3036 624 3109 bis,
645 3045 677 3099 et
690 3047 787 3116 super
800 3035 850 3098 bis
863 3056 926 3118 quc
941 3037 1101 3100 cononicis
1115 3057 1179 3101 non
1194 3039 1250 3100 ob-
1326 3059 1328 3064 ·

208 3153 210 3158 '
223 3149 353 3211 uenient
366 3147 525 3222 institutis,
540 3167 673 3230 quoque
682 3147 847 3221 adiuuent,
865 3155 898 3210 et
910 3157 1018 3212 contre
1034 3148 1251 3214 inobedientes

225 3268 256 3322 et
270 3258 405 3321 rebelles
418 3258 561 3333 illorum,
583 3279 619 3320 uc
641 3260 783 3340 ipsorum
800 3257 989 3322 secularium
1008 3260 1146 3324 iudicum
1160 3261 1253 3329 iuuetis

223 3369 392 3436 sentenciis
407 3389 471 3438 non
485 3378 631 3450 parentes
642 3370 808 3452 ‚<..gledium
824 3392 880 3436 sue
894 3373 1055 3452 potestatis
1070 3382 1102 3437 ct
1116 3372 1251 3436 auctori-

223 3481 305 3555 tatis,
330 3481 575 3558 ecclesias-ticam
597 3481 716 3544 scilicet
737 3501 921 3555 censuram,
949 3482 1147 3564 impendent,
1174 3503 1259 3548 cum.

224 3593 263 3654 eb
284 3593 359 3674 ipsis
380 3594 572 3657 secularibus
594 3593 748 3659 iudicibus
769 3593 940 3674 superbos
955 3594 1076 3659 inerint
1097 3596 1249 3677 requisiti.

305 3703 373 3786 (58)
393 3705 567 3770 Statuimus
580 3707 666 3788 quod
687 3725 797 3772 omnes
812 3725 906 3774 cause
920 3706 967 3770 ud
985 3706 1088 3768 forum
1101 3707 1259 3770 ecelesia-r

222 3814 334 3876 sticum
348 3815 553 3895 pertinentes,
569 3835 674 3878 corum
690 3815 855 3878 ordinariis
869 3815 924 3880 uel
938 3815 1155 3882 ecclesiasticis
1169 3817 1250 3880 iudi·

223 3925 310 3994 cibus
324 3925 409 3988 iuste
430 3945 534 3988 sacres
556 3935 589 3988 et
600 3926 947 4008 legitimessenetiones
966 3929 1092 4009 agitari,
1115 3930 1251 4004 tractari,

222 4037 274 4100 uel
296 4036 441 4102 uentileri
457 4037 608 4111 debeant,
631 4046 663 4102 et
683 4057 810 4118 percos
817 4039 921 4104 libere
936 4047 969 4104 et
982 4041 1100 4123 absque
1115 4042 1258 4124 impedi«.
1347 4099 1349 4102 .

222 4156 329 4212 mento
343 4149 407 4212 ullo
423 4147 476 4210 uel
490 4145 651 4214 obstaculo
666 4148 842 4224 terminuri,
864 4158 897 4212 et
909 4151 1139 4233 eiuuiquendo
1154 4169 1249 4232 super

220 4259 401 4326 huiusmodi
420 4260 533 4356 causis
545 4258 748 4344 apostolieum
768 4262 878 4351 ecdem
893 4262 952 4332 oet
965 4262 1046 4330 alios
1059 4261 1259 4348 superiores„-
