2920 4758
300 433 361 502 tto
409 455 539 502 inorsa
554 455 587 500 rr.
608 451 698 500 ussrs
721 451 923 499 marasmon
944 451 986 498 nr
1007 447 1216 496 arrommo

300 609 404 672 abbati
420 609 450 670 S.
461 608 585 670 Martini
600 607 639 670 de
654 608 830 679 Pannonia,
852 606 956 668 abbati
967 603 1128 688 Egriensi,
1148 603 1201 666 uel
1216 621 1349 664 eorum

299 718 556 801 procuratoribus
585 717 774 779 habentibus
804 736 822 778 a
848 715 982 778 dominis
1008 715 1071 776 suis
1096 715 1349 795 procuratorias

300 851 397 912 super
417 831 479 892 boc
498 829 617 892 litteras
636 828 807 912 speciales,
828 828 879 890 uel
895 828 1017 890 duobus
1038 846 1079 888 ex
1093 827 1256 908 predictis,
1283 825 1352 888 uel

301 941 557 1024 procuratoribus
579 959 698 1001 eorum.
725 948 756 1002 et
778 937 935 1001 soluemus
951 958 1022 1001 enm
1042 940 1074 1000 in
1090 939 1183 1000 domo
1197 937 1348 998 fratrum

301 1053 532 1132 predicatorum
563 1051 601 1113 de
626 1052 698 1114 Pest
726 1051 759 1112 in
785 1050 947 1132 presencia
972 1049 1098 1131 capituli
1123 1047 1175 1111 uel
1200 1049 1347 1110 maioris

301 1165 397 1248 partis
412 1163 659 1226 distribuendam
680 1172 711 1225 et
726 1163 932 1224 ordinandam
947 1162 1120 1224 secundum
1135 1160 1346 1222 uoluntatem

302 1273 375 1338 dicti
396 1274 490 1356 legati
513 1273 552 1334 de
575 1273 704 1334 consilio
727 1273 948 1354 strigoniensis
973 1279 1005 1335 et
1024 1271 1203 1334 Colocensis
1227 1272 1347 1332 archi-

302 1387 531 1468 episcoporum.
548 1394 579 1446 et
593 1383 794 1446 nibilominus
810 1383 834 1444 si
851 1382 1021 1463 predictam
1039 1383 1201 1463 pecuniam
1218 1382 1343 1442 decem

302 1497 398 1560 millia
418 1515 593 1559 marcarum
616 1514 679 1556 non
697 1493 895 1566 soluerimns,
916 1495 948 1554 in
968 1493 1097 1574 singulis
1115 1493 1267 1565 terminis,
1294 1494 1346 1554 si-

302 1619 355 1672 cut
367 1609 511 1690 superius
526 1615 574 1669 est
588 1625 783 1686 expressum,
797 1605 944 1667 nolumus
956 1612 987 1666 et
1001 1604 1223 1677 consentimus,
1245 1605 1341 1685 quod

302 1719 445 1792 ecclesie,
459 1719 572 1799 quibus
586 1716 667 1778 sales
682 1725 754 1778 sunt
768 1715 930 1789 subtracti,
948 1734 1013 1776 non
1028 1715 1171 1777 obstante
1186 1715 1231 1776 ita
1246 1735 1341 1776 com-

303 1831 484 1914 posicione,
505 1829 604 1890 libere
619 1838 650 1892 et
663 1829 784 1910 integre
799 1831 860 1890 sint
875 1827 907 1888 in
923 1827 1035 1889 eodem
1051 1835 1132 1890 stetu
1148 1836 1180 1888 ct
1192 1827 1278 1900 iure,
1299 1827 1340 1888 in

303 1963 367 2024 quo
382 1949 472 2004 erant
486 1949 557 2002 ante
573 1941 837 2022 composicionem
855 1940 957 2003 istam.

386 2051 464 2127 (ll)
487 2053 563 2113 ltem
585 2049 746 2124 nolumus,
775 2070 835 2112 nec
855 2050 1087 2132 permittemus,
1109 2050 1195 2131 quod
1216 2050 1257 2112 de
1279 2069 1339 2112 ce-

303 2173 372 2226 tero
393 2170 564 2225 tractentur
587 2181 681 2225 cause
705 2161 831 2222 docium
859 2163 910 2224 uel
929 2161 1171 2223 matrimoniales
1193 2181 1251 2242 per
1272 2181 1337 2224 nos

303 2275 356 2338 uel
378 2295 434 2356 per
449 2275 526 2336 alios
546 2273 665 2336 iudices
686 2273 862 2346 seculares,
891 2273 964 2355 quia
984 2274 1023 2334 de
1042 2272 1080 2333 iis
1101 2271 1249 2334 nolumus
1272 2292 1337 2334 nos

299 2388 504 2450 intromittere
530 2405 589 2448 nec
610 2385 773 2457 debemus,
797 2385 854 2446 sed
876 2405 934 2465 per
959 2383 1077 2446 iudices
1100 2382 1336 2446 ecclesiasticos

300 2505 473 2560 tractentur
491 2505 522 2559 et
536 2497 753 2559 terminentur.

384 2609 462 2681 (15)
492 2607 569 2669 ltem
590 2607 735 2668 uolumus
761 2614 792 2669 et
819 2606 1031 2670 consentimus
1056 2607 1141 2690 quod
1168 2605 1275 2668 clerici
1301 2613 1337 2667 et

300 2739 435 2804 persone
450 2717 661 2782 ecclesiastice
684 2720 896 2800 respondeant
916 2728 947 2782 et
960 2720 1191 2782 conueniantur
1205 2720 1264 2780 sub
1280 2737 1336 2779 ec-

301 2833 474 2895 clesiastico
488 2831 592 2894 iudice
608 2851 704 2912 super
715 2832 870 2905 omnibus,
885 2831 1023 2912 exceptis
1033 2829 1154 2892 iudiciis
1166 2837 1334 2902 terrarum,

302 2945 341 3007 de
364 2943 478 3026 quibus
497 2943 658 3016 uolumus,
686 2943 771 3024 quod
792 2951 855 3004 tam
879 2961 935 3022 per
956 2961 1032 3015 uos,
1063 2942 1189 3004 domine
1209 2941 1334 3022 legate,

302 3077 395 3138 quam
414 3076 473 3136 per
491 3073 549 3116 nos
565 3053 746 3116 consulatur
762 3053 906 3115 dominus
927 3054 1027 3133 Papa,
1049 3053 1207 3132 expressis
1228 3052 1334 3114 eidem
1399 3129 1402 3136 .

302 3165 546 3230 circumstanciis
564 3165 647 3237 facti,
668 3163 701 3224 in
716 3163 831 3244 quibus
846 3165 1091 3226 circumstanciis
1106 3164 1188 3226 inter
1201 3165 1263 3227 alia
1278 3182 1334 3224 ex-

301 3279 463 3359 primatur,
485 3275 571 3355 quod
591 3293 648 3335 uos
667 3293 685 3334 a
703 3275 831 3352 prelatis
855 3275 988 3356 Ungarie
1009 3277 1215 3357 percepistis,
1244 3271 1334 3360 quod

301 3387 418 3450 iudicia
438 3395 591 3447 terrarum
607 3383 811 3446 ecclesiarum
833 3394 864 3448 et
879 3393 1029 3447 terrarum
1046 3387 1234 3450 clericorum
1250 3409 1333 3450 sem-

301 3517 359 3578 per
374 3502 607 3558 consueuerunt
628 3493 740 3576 agitari
763 3504 795 3556 et
814 3496 974 3558 terminari
997 3516 1052 3578 per
1073 3517 1163 3578 reges
1181 3499 1333 3580 Ungurie,

303 3607 483 3688 quicunque
515 3624 573 3686 pro
602 3613 745 3686 tempore
774 3608 959 3680 extiterunt,
992 3615 1023 3669 et
1048 3609 1134 3689 quod
1160 3629 1178 3670 n
1202 3609 1333 3690 prelatis

302 3717 435 3798 Ungarie
454 3714 653 3798 percepistis,
675 3719 761 3797 quod
784 3717 810 3778 si
831 3715 946 3779 iudicia
966 3725 1118 3779 terrarum
1141 3719 1334 3782 ecclesiasti-

303 3847 411 3888 carum
432 3827 692 3890 subtraherentur
713 3847 730 3888 a
749 3836 857 3889 nostro
877 3827 1009 3902 iudicio,
1039 3829 1226 3892 damnosum
1250 3840 1334 3894 esset

303 3937 443 4000 ecclesiis
465 3937 650 4018 plurimum,
681 3945 713 4000 et
735 3938 962 4020 periculosum,
984 3939 1059 4022 quia
1078 3958 1134 4020 per
1153 3939 1215 4002 hec
1235 3941 1333 4004 molta

304 4049 344 4112 de
358 4047 425 4110 iure
441 4047 656 4111 ecclesiastico
671 4058 801 4132 possent
816 4049 974 4134 deperire.

385 4160 463 4235 (16)
490 4157 593 4224 Nullas
619 4161 767 4226 collectas
791 4170 822 4230 ct
844 4161 965 4228 nullum
987 4163 1109 4228 lucrum
1131 4164 1332 4249 imponemus

302 4269 355 4346 uel
367 4270 553 4365 recipiemus
573 4273 727 4350 aclrricis
748 4282 779 4345 et
793 4274 1013 4350 ecclesiasticis
1034 4277 1189 4372 personis,
1211 4285 1244 4352 ct
1257 4297 1333 4355 cun·
