3048 4760
289 411 353 474 Μ
442 425 703 474 corsrrrussorns
722 423 1035 474 emessam.
1076 406 1167 470 tuda

288 580 343 646 toti
363 579 475 654 bonis,
494 579 616 642 iuribus
631 577 700 644 suis
719 585 783 640 torn
804 576 972 640 munhnis
986 555 1081 659 quoin
1095 574 1317 640 ecclesiasticis

289 692 473 776 spolienttn,
497 692 648 764 ecclesie,
670 689 877 764 monasteria,
899 689 1027 754 elbora
1041 706 1079 754 ac
1093 687 1318 769 iuraipsorunr

288 804 330 866 ab
344 803 420 884 ipsis
433 802 519 867 laicis
535 808 738 880 occupantur,
755 800 961 873 innodantur,
978 818 1015 862 ac
1031 797 1249 862 damnabiliter
1262 799 1319 865 de·

290 913 440 986 dueatur,
460 912 697 993 prophanantnr
715 910 900 984 horibililer,
920 909 1027 992 alique
1050 910 1149 972 ruinis
1164 918 1196 974 et
1210 907 1319 972 incan-

289 1025 350 1088 diis
374 1025 593 1096 destruuntur,
621 1041 795 1103 suumque
823 1040 859 1083 ac
884 1003 1115 1084 tentoriorum
1138 1021 1318 1086 ilmmnnitss

290 1135 470 1216 infringitur
481 1154 519 1199 sc
532 1135 628 1204 edem
642 1134 790 1207 molatur,
803 1132 993 1196 eldibertste
1008 1132 1219 1198 ecclesiastica
1229 1133 1319 1214 quasi

290 1245 427 1310 totaliter
447 1245 630 1308 montione
655 1245 687 1306 in
711 1243 860 1308 omuibus
885 1242 953 1308 iere
975 1243 1156 1307 dusolrdtur
1176 1242 1318 1325 quotidie

288 1367 442 1422 merus
463 1356 677 1420 ecclesiastiae
695 1354 867 1436 discipline.
890 1375 952 1420 *nos
966 1364 1071 1420 autern
1086 1355 1231 1426 omnibns
1245 1373 1319 1436 prc-

286 1471 361 1536 lttis
373 1477 436 1534 nnn
450 1468 646 1552 regularibus
660 1486 756 1550 quam
769 1467 973 1541 secularibus,
988 1474 1020 1530 et
1030 1467 1187 1536 uniuersis
1198 1467 1320 1530 clericis

290 1583 323 1646 in
347 1600 438 1646 sacra
459 1582 582 1664 synodo
606 1579 822 1664 congregatis,
855 1597 926 1644 crim
949 1580 1102 1642 instancia
1124 1578 1318 1660 nolentibus,

291 1701 436 1758 aoniam*
449 1700 561 1756 watra
580 1692 661 1756 mals
676 1700 711 1756 et
730 1693 869 1774 pericula
888 1711 983 1774 snpra
998 1693 1153 1773 dictaper
1168 1691 1320 1754 constitn-

291 1805 413 1868 cioaenr
432 1805 471 1880 de
485 1805 671 1886 opportunis
685 1805 834 1870 remediis
848 1804 1029 1888 prouideri,
1051 1803 1188 1886 presenti
1203 1802 1320 1870 consti-

290 1915 419 1978 tucione
430 1915 619 1997 precipimus
633 1917 718 1997 quod
733 1937 853 1991 omnes,
866 1925 899 1980 et
912 1916 1027 1999 singuli
1041 1914 1154 1998 prelati
1164 1921 1199 1984 et
1211 1913 1319 1988 clerici

291 2026 432 2090 muersi
450 2035 512 2090 tarn
534 2028 690 2110 exempti,
717 2047 813 2110 qoam
836 2047 901 2092 non
923 2027 1076 2109 exempti,
1104 2027 1318 2108 cuiuscunque

289 2139 449 2221 diguimis
469 2147 502 2202 et
515 2139 633 2202 ordinis
644 2139 699 2202 uel
713 2138 1039 2222 religionisenistnat,
1061 2138 1315 2204 excommunica-

280 2251 408 2325 ·cionis,
438 2249 652 2332 suspensionis
677 2259 711 2314 et
724 2251 888 2322 interdicti
911 2250 1087 2314 sentencias
1111 2251 1152 2314 ab
1177 2249 1320 2312 ciusdem

289 2362 379 2444 regni
393 2361 519 2443 prelatis
533 2370 642 2424 nostre
660 2361 842 2444 legacionis,
865 2367 896 2424 et
910 2361 977 2424 aliis
992 2359 1181 2424 ordinariam
1196 2357 1249 2428 uel
1264 2359 1320 2435 de-

262 2474 424 2556 xiegatanr
438 2474 683 2538 iurisdictionem
698 2474 994 2548 iunctisiunctis
1008 2474 1077 2535 iure
1091 2491 1148 2534 seu
1163 2491 1181 2534 a
1196 2491 1318 2534 canone

289 2584 322 2646 in
342 2603 547 2668 quascunque
568 2603 721 2666 personas
745 2585 797 2648 uel
820 2584 891 2648 loca
911 2583 1059 2666 prolatas,
1081 2591 1248 2664 postquam
1271 2581 1317 2644 eis

290 2714 346 2776 per
360 2693 640 2760 denunciaoionem
660 2695 784 2758 illorum
805 2697 996 2776 prelatorum
1014 2695 1067 2768 uel
1086 2695 1242 2770 iudicum,
1264 2692 1318 2756 uel

289 2807 350 2876 ulio
365 2825 554 2889 quocunque
576 2809 671 2870 niodo
687 2807 856 2871 dotalibus
873 2805 1041 2872 sentenciis
1056 2807 1230 2870 eonstiterit
1239 2848 1249 2879 ‚-
1270 2805 1318 2866 in·

288 2917 476 2982 delebiliter
486 2919 673 2992 cassinens,
687 2919 835 3001 ipsasque
849 2918 890 2980 ad
904 2917 1147 3000 requisicionem
1162 2917 1317 2984 dictorum

288 3029 482 3113 prelatorum
504 3036 536 3093 et
555 3029 694 3094 iudicum
715 3029 921 3103 denuncient,
943 3040 973 3092 ot
995 3029 1088 3092 asilii
1106 3028 1239 3092 subditis
1261 3029 1317 3090 de·

288 3141 431 3208 nunciati
447 3141 584 3215 faciant,
613 3148 645 3204 et
667 3139 889 3204 inuiolabiliter
909 3139 1087 3215 obseruari,
1116 3161 1151 3204 se
1176 3159 1316 3222 suosque

288 3254 431 3318 subditos
452 3249 677 3323 subtrahendo,
703 3251 842 3332 aliosque
863 3251 1115 3318 ceommuniene
1137 3249 1246 3314 ωῑίυηι
1262 3270 1318 3314 ea·

289 3363 587 3426 communicatorum
610 3360 644 3422 in
664 3341 855 3427 salutacione
879 3363 997 3436 osculo,
1018 3360 1089 3428 cibo
1110 3369 1141 3424 et
1164 3369 1257 3442 polu,
1279 3378 1317 3424 ac

289 3474 403 3536 diuinis
416 3471 541 3545 officiis,
562 3491 701 3534 necnon
716 3473 933 3538 celebracione
948 3473 1127 3536 diuinorum
1138 3473 1315 3537 interdictis

288 3583 365 3646 locis
385 3582 436 3646 uel
457 3580 600 3646 ecclesiis
613 3590 764 3664 quantuni
783 3583 816 3646 in
833 3585 881 3648 eis
893 3585 1192 3658 fueritreuocando,
1214 3591 1247 3648 et
1261 3603 1317 3646 ex·

287 3694 427 3776 pressius
448 3693 654 3774 probibendo.
686 3693 711 3756 si
727 3695 781 3776 qui
795 3712 873 3756 uero
888 3694 1017 3776 proprie
1030 3695 1137 3758 salutis
1151 3693 1317 3758 immenso·

287 3823 350 3878 res,
369 3812 403 3868 et
416 3805 596 3868 hsdnsrnodi
616 3812 724 3872 sancte
747 3806 991 3880 constitucionis,
1012 3826 1072 3869 nec
1085 3825 1150 3867 non
1163 3805 1316 3868 libertatis

288 3933 325 3978 ac
350 3933 483 3982 censure
505 3913 717 3980 ecclesiastice
742 3923 974 3998 contemptores
988 3915 1077 3979 tales
1102 3917 1319 3980 &communi-

288 4034 373 4092 catos
388 4027 600 4102 nauseare,
621 4029 703 4092 acin
716 4027 866 4110 predictis
884 4035 917 4092 et
930 4029 998 4093 aliis
1010 4029 1044 4090 in
1057 4023 1173 4112 quibos
1189 4021 1318 4092 excom-

287 4136 437 4206 annali
453 4145 530 4203 sunt
551 4139 591 4202 tle
611 4138 841 4214 iure-uitandi,
868 4140 985 4216 uitarc,
1007 4147 1040 4207 et
1061 4159 1081 4204 a
1100 4141 1160 4205 sibi
1182 4141 1317 4206 subditis

289 4250 472 4320 inaniet
485 4271 530 4321 cc
549 4252 641 4320 nitori
659 4253 786 4332 iacere,
800 4252 966 4326 ,amica
984 4253 1095 4324 fraude
1115 4259 1320 4340 contempse-
