2920 4758
131 418 222 464 natm
238 415 279 462 tv.
294 415 384 461 aneis
399 415 549 462 arcearis
560 415 720 478 flosrrron
735 417 775 460 uu
791 413 962 460 sznnoaon.
980 395 1069 462 tata.
1105 394 1167 463 t57

130 580 164 634 et
186 573 213 636 si
236 571 296 654 ipsi
318 571 395 634 alias
415 589 520 632 coram
540 569 660 644 iudice,
682 589 776 652 quem
798 569 986 650 impeterent
1003 590 1098 652 super
1114 571 1170 633 ali-

109 704 209 766 quo,
231 685 304 762 eius¹
320 682 477 744 iudicetur
492 680 713 743 iuramentum.

217 791 262 876 (2)
285 793 454 856 Statuimus
475 792 571 866 item,
603 792 688 874 quod
714 791 740 852 si
764 791 865 854 banus
891 793 937 854 eis
962 793 1002 855 ad
1026 793 1167 856 ualorem

128 907 227 969 unius
251 925 355 968 marce
380 905 527 967 damnum
552 904 686 976 faceret,
715 905 745 966 iu
768 904 915 986 centuplo
936 905 1056 967 eisdem
1077 905 1168 968 resti·

127 1024 245 1080 tueret.

214 1126 262 1210 (3)
285 1128 424 1190 Tandem
441 1127 524 1189 bano
535 1147 599 1190 uon
615 1123 701 1190 aliud
717 1127 776 1188 nisi
791 1127 901 1188 domos
915 1147 988 1190 suas
999 1129 1165 1190 occasione

127 1241 302 1303 descensus
328 1239 405 1301 dare
429 1245 607 1314 teneantur,
637 1257 696 1320 pro
722 1237 790 1320 aiiis
819 1257 896 1300 uero
928 1239 1165 1320 necessitatibus

125 1349 272 1432 precium
290 1350 453 1431 recipiant.
503 1426 505 1430 ,

213 1457 257 1540 (b)
279 1461 319 1522 Et
341 1461 367 1523 si
381 1459 493 1542 aliquis
508 1461 648 1541 ipsorum
668 1460 758 1541 prole
773 1459 924 1531 caruerit,
946 1467 1010 1520 mm
1032 1459 1101 1539 ipso
1116 1460 1164 1522 ui-

126 1578 225 1632 uente
241 1589 335 1650 quam
356 1589 374 1631 a
395 1558 502 1632 seculo
526 1570 777 1652 transmigrante,
790 1571 883 1632 bona
905 1589 962 1632 sua
986 1570 1162 1652 cuicunque

124 1679 267 1742 uoluerit
280 1680 377 1742 iibere
393 1680 535 1743 conferat
552 1681 726 1742 retinenda.

211 1789 258 1874 (5)
280 1793 320 1854 Et
333 1791 361 1854 si
376 1793 487 1874 aliquis
512 1794 551 1856 de
572 1792 648 1854 uilla
667 1814 763 1874 super
779 1813 862 1876 equo
877 1793 929 1861 uel
943 1795 1026 1865 boue
1046 1793 1162 1860 caium-

123 1906 241 1980 uintur,
262 1911 295 1966 et
317 1905 355 1967 ab
371 1905 476 1987 aliquo
492 1925 551 1987 pro
566 1913 686 1985 quanto
709 1915 941 1972 sacramentum
962 1907 1067 1970 iacere
1088 1927 1162 1988 pre-

124 1995 292 2090 sumserit,
321 2017 346 2078 is
370 2015 542 2096 calumnias
570 2017 700 2096 testibus
727 2017 921 2080 adstantibus
942 2020 1101 2092 restituat,
1131 2025 1162 2082 et

123 2147 176 2190 res
192 2148 250 2208 pro
265 2148 328 2210 qua
342 2129 529 2190 causabatur
544 2129 585 2193 ad
602 2128 817 2210 requirentem
831 2129 1029 2192 deuoinatur.

208 2236 253 2322 (6)
274 2241 314 2303 Et
332 2242 358 2302 si
373 2239 443 2322 quis
462 2241 564 2322 ipsam
584 2240 691 2302 uillam
711 2241 829 2302 intrare
847 2239 998 2313 uoluerit,
1020 2248 1158 2304 moratu«

117 2371 185 2426 rus,
207 2353 312 2434 omnia
327 2354 410 2416 bona
424 2371 497 2426 sua,
513 2353 625 2416 domus
640 2351 789 2418 uidelicet
805 2360 836 2416 et
851 2351 910 2432 alia
925 2371 986 2434 qne
1002 2351 1154 2433 possidet,

118 2465 267 2528 omnibus
286 2465 457 2527 scientibus
478 2464 611 2546 liberam
625 2465 762 2542 babeat
778 2465 939 2550 uendendi
964 2463 1158 2540 facultatem,

119 2584 153 2639 ct
164 2578 320 2640 recedens
335 2578 374 2641 de
389 2577 464 2642 uilla
477 2577 613 2642 retineat
627 2577 770 2664 eandem.
836 2651 838 2659 Α

203 2685 252 2770 (7)
275 2689 444 2752 statuimus
459 2688 560 2750 eciam
574 2695 609 2750 ut
624 2690 839 2764 sacerdotem,
861 2708 1081 2772 quemcunque
1096 2710 1154 2754 uo·

119 2801 252 2875 luerint,
273 2801 306 2862 in
320 2821 410 2862 suam
424 2800 577 2882 recipiant
591 2801 765 2864 ecclesiam.

203 2909 251 2994 (8)
273 2913 318 2974 De
334 2912 464 2976 decimis
480 2933 604 2988 eorum,
625 2921 721 2998 prout
739 2933 807 2978 mos
825 2920 872 2976 est
886 2913 1064 2994 hospitibus
1086 2915 1157 2978 triti-¹

122 3043 246 3108 cunque
262 3025 472 3098 manentibus,
495 3025 671 3107 disponant.
1023 3015 1032 3030 ’

204 3133 250 3217 (9)
273 3135 340 3198 Nec
361 3136 421 3200 hoc
446 3144 553 3200 tamen
579 3139 637 3202 sub
661 3135 963 3226 silenciouolnmus
992 3139 1154 3220 preterire,

120 3248 205 3332 quod
227 3247 360 3328 predicti
380 3247 521 3330 hospites
540 3249 643 3324 nostri
664 3249 755 3316 nobis
770 3249 932 3316 annuatim
948 3269 1007 3332 pro
1022 3249 1153 3320 collecta

120 3365 246 3420 centum
268 3378 395 3440 pensas,
413 3366 449 3428 ,et
462 3379 520 3440 pro
535 3359 650 3424 tributo
666 3359 727 3422 fori
743 3361 868 3442 triginta
889 3381 1003 3442 pensas
1026 3362 1151 3428 soluere

121 3477 300 3536 teneantur.

201 3580 239 3642 Ut
259 3581 355 3663 igitur
371 3591 513 3646 enarrate
532 3583 682 3648 libertatis
705 3585 803 3648 series
828 3585 996 3668 sepedictis
1022 3585 1152 3668 hospiti-

119 3692 177 3753 bus
197 3691 288 3757 salua
307 3711 434 3774 semper
456 3701 488 3756 et
509 3695 724 3780 irreuocabilis
747 3704 948 3778 permaneat,
969 3705 1151 3780 presentem

119 3804 219 3885 ipsam
234 3805 468 3880 auctoritatem,
490 3825 525 3870 ac
540 3807 672 3890 duplicis
687 3807 781 3892 sigilii
795 3809 895 3874 nostri
909 3807 1150 3890 impressionem

118 3917 305 3998 propensius
332 3917 564 3989 confirmamus,
598 3921 714 3990 Datum
735 3921 768 3986 in
789 3919 864 3984 uilla
879 3921 1046 3986 Werenze.
1078 3941 1150 3987 ann.

119 4029 272 4120 dominice
293 4029 523 4096 incarnacionis
544 4031 724 4098 Mcoxtlt.
750 4034 841 4118 regni
855 4053 933 4102 uero
947 4035 1046 4105 nostri
1061 4053 1143 4106 enee

117 4139 195 4208 vul.

368 4275 371 4281 “
457 4275 808 4308 m

858 4352 899 4422 30
