2924 4758
277 373 340 446 322
442 394 467 446 s.
479 395 633 447 srarnrru
653 395 743 446 rrsrs
764 394 973 448 urcmromnr
993 394 1086 447 trare
1106 392 1140 446 u.

277 557 394 631 soluat,
420 577 461 620 ex
482 557 595 640 quibus
616 557 677 620 due
699 565 805 640 partes
829 559 910 642 regi,
938 557 1038 622 tercia
1058 557 1176 622 seniori
1196 574 1306 622 seruo-

275 690 356 733 rum.
377 690 434 733 rex
449 679 552 732 autem
567 689 607 732 en
621 687 679 732 sua
693 678 782 751 parte
798 670 926 734 terciam
940 647 1057 734 tribuat
1070 670 1187 734 comiti.

359 784 411 844 Vt.
453 783 497 844 De
510 787 589 863 [orto
603 802 765 844 seruorum.
811 781 843 844 si
859 783 928 866 quis
943 803 1109 846 seruorum
1127 785 1225 847 semel
1240 783 1306 848 fur·

276 905 342 959 tum
362 895 567 969 commiserit,
589 895 702 957 reddat
719 894 836 956 furtum
851 903 884 958 et
897 903 1066 977 componat
1085 915 1197 958 nasum
1212 896 1305 979 quin-

277 1027 338 1090 que
353 1007 514 1095 iuuencis,
527 1006 554 1068 si
568 1013 680 1088 potest,
703 1005 751 1068 siu
767 1013 884 1079 autem,
905 1005 1117 1075 abscindatur.

359 1120 389 1181 Si
405 1117 543 1182 abscisso
558 1137 634 1180 naso
648 1117 762 1180 iterum
777 1116 969 1180 commiserit
981 1117 1114 1192 furtum,
1136 1125 1304 1202 componat

276 1250 369 1294 aures
383 1229 523 1312 quinque
538 1229 689 1302 iuuencis,
704 1229 729 1292 si
745 1237 857 1310 potest.
879 1229 927 1292 siu
942 1236 1056 1302 autom,
1071 1228 1303 1292 abscindantur.

358 1343 489 1404 struem
504 1340 601 1404 tercio
616 1341 733 1404 furtum
747 1340 950 1416 commiserit,
973 1349 1077 1404 careat
1091 1342 1166 1404 uita.

356 1455 423 1516 VII.
450 1455 508 1516 'Dr
526 1458 605 1533 [arto
629 1456 796 1515 liberorum.
849 1453 880 1514 Si
903 1453 974 1535 quis
993 1452 1165 1516 liberorum
1186 1454 1302 1520 furtum

278 1567 484 1640 commiserit,
510 1566 570 1628 hac
591 1564 662 1648 lege
686 1585 878 1648 componere
904 1563 1111 1630 decreuimus.
1140 1567 1167 1630 si
1191 1568 1302 1642 semet,

273 1681 412 1744 redimat
434 1700 468 1742 se
493 1679 520 1740 si
546 1686 660 1760 potest.
691 1679 869 1742 sinautem
893 1679 1114 1740 uenumdetur.
1145 1680 1172 1740 si
1197 1687 1302 1742 autem

275 1795 360 1856 idem
385 1792 595 1854 uenumdatus
618 1790 737 1852 turtum
760 1789 965 1864 commiserit,
992 1788 1114 1872 iegibus
1136 1811 1302 1854 seruorum

275 1903 444 1966 subiacent.
479 1901 506 1964 si
520 1902 658 1963 secundo
673 1900 764 1962 simili
777 1900 841 1982 tagi
856 1901 1026 1965 subiaceat.
1061 1903 1088 1964 si
1102 1922 1180 1966 uero
1195 1904 1302 1978 tercio,

277 2015 442 2097 dispendio
458 2015 521 2076 uite
537 2013 734 2076 diiudicetur.

358 2126 438 2188 VIH.
480 2125 524 2187 De
545 2126 754 2206 composicione
777 2127 863 2206 racis.
907 2126 939 2189 Si
960 2125 1030 2208 quis
1057 2125 1204 2189 comitum
1230 2125 1302 2209 par·

276 2247 340 2301 tem
364 2237 447 2322 regis
467 2236 715 2311 defraudauerit,
744 2237 859 2302 reddat
881 2237 1024 2300 fraudem
1046 2245 1078 2301 et
1099 2239 1196 2320 dupio
1216 2257 1301 2301 com-

276 2358 382 2434 ponat.

357 2462 412 2522 lx.
454 2462 498 2522 Dc
510 2463 618 2523 iniusto
633 2465 841 2542 cppcttucicoc.
874 2461 906 2524 Si
922 2461 993 2545 quis
1008 2462 1141 2526 militum
1153 2464 1302 2527 iudicium

277 2593 296 2636 a
320 2591 377 2635 suc
398 2572 511 2634 comite
535 2581 622 2634 recte
644 2573 815 2635 iudicatum
835 2593 1004 2654 spernens,
1034 2595 1143 2658 regem
1166 2573 1303 2656 appelia-

276 2683 368 2758 uerit,
382 2683 511 2765 cupiens
526 2685 672 2746 comitem
687 2705 779 2747 suum
794 2684 929 2748 reddere
944 2683 1110 2760 iniustum,
1124 2685 1164 2750 sit
1179 2687 1303 2750 debitor

278 2797 388 2858 decem
402 2813 571 2878 pensarum
585 2815 643 2858 suo
659 2796 774 2858 comiti.

361 2909 401 2970 X.
444 2909 488 2970 Dc
511 2909 656 2972 uiotmcic
678 2910 801 2970 comitis.
850 2907 883 2969 Si
908 2908 978 2990 quis
1003 2910 1151 2971 comitum
1175 2912 1304 2974 iuuenta

278 3021 383 3104 aliqua
401 3020 569 3084 occasione
584 3019 660 3103 quid
681 3021 795 3082 iniuste
817 3019 907 3084 militi
926 3021 1105 3096 abstulerit,
1125 3023 1250 3098 reddat,
1272 3032 1304 3087 et

277 3133 406 3215 insuper
420 3153 459 3194 ex
475 3131 602 3214 proprio
617 3139 747 3195 tantum.

360 3245 413 3306 XI.
456 3245 499 3306 De
520 3245 663 3306 solucione
685 3245 842 3305 mendacii.
893 3242 1020 3326 Siquis
1043 3251 1148 3308 autem
1171 3247 1303 3310 militum

275 3377 367 3420 suum
386 3365 593 3438 spontaneum
612 3355 728 3418 donum
743 3356 851 3418 dicens
865 3353 923 3417 sibt
946 3357 977 3417 ui
991 3355 1145 3432 ablatum,
1165 3359 1303 3421 mendax

278 3469 432 3543 extiterit,
454 3489 493 3530 ex
508 3468 570 3528 hoc
584 3474 704 3540 careat,
726 3474 759 3529 et
771 3467 901 3548 insuper
915 3469 1097 3530 tantundem
1112 3469 1223 3532 soluat.

360 3583 428 3642 th.
469 3581 514 3642 Dc
526 3581 635 3642 iudicio
648 3581 753 3659 ctodii.
796 3579 828 3642 Si
843 3579 913 3662 quis
927 3578 1032 3662 gladio
1046 3580 1206 3644 hominem
1221 3583 1306 3646 occi-

278 3695 373 3768 derit,
395 3693 508 3756 eodem
523 3692 627 3773 gladio
642 3691 811 3774 iuguletur.

359 3803 441 3868 xnt.
482 3803 527 3864 Dc
554 3805 754 3866 debititcciocc
780 3802 986 3865 membrorum.
1039 3805 1071 3866 Si
1099 3805 1169 3887 quis
1199 3815 1304 3869 autem

202 3935 210 3952 ·
277 3916 381 4000 gladio
396 3915 561 3998 emgiuato
575 3915 669 3978 atium
680 3915 853 3997 quemlibet
862 3912 1081 3992 debititauarit,
1095 3917 1147 3980 uet
1157 3918 1191 3980 in
1202 3919 1306 3995 ocuto,

277 4029 331 4094 uei
343 4030 375 4092 in
392 4029 489 4110 pede,
508 4027 562 4092 uel
576 4027 609 4091 in
622 4047 735 4104 mauu,
758 4028 919 4092 consimiie
935 4030 1082 4094 damnum
1099 4031 1148 4094 sut
1163 4032 1306 4116 corporis

278 4143 429 4228 pacietur.
