2920 4758
375 347 506 395 mnnsn
522 301 560 396 rr.
582 347 673 398 ansts
695 349 860 399 occassum
882 351 915 400 n.
958 333 1047 400 1131.
1165 333 1224 402 tal

278 503 347 566 Xll.
389 504 525 566 Comites
540 505 724 586 parochiani
739 509 849 588 predia
864 509 1074 572 seruiencinm
1090 517 1121 574 et
1134 509 1225 574 uillas

194 615 401 678 ecclesiarum
421 635 485 678 non
506 618 688 692 discutiant,
709 619 771 681 nisi
787 619 819 680 in
835 632 928 682 causa
950 628 1075 682 monete
1094 628 1126 683 et
1140 619 1226 684 daci·

194 747 329 790 marum.
393 751 397 761 ’

279 840 361 901 Xlll.
404 839 544 903 Curiales
555 843 684 905 comites
699 843 884 924 parochiani
897 841 1016 904 nullum
1026 843 1150 925 penitus
1163 845 1225 906 dis·-

196 953 331 1025 cntiant,
353 952 414 1013 nisi
435 953 568 1034 populos
587 953 681 1016 castri
700 953 759 1016 sni.
794 954 898 1026 iures,
918 954 1055 1016 latrones
1075 974 1133 1036 per
1147 953 1225 1017 bilo-

195 1064 272 1126 allos
293 1063 415 1145 regales
435 1065 656 1138 discuciantur,
683 1075 756 1128 ante
779 1067 876 1146 podes
898 1073 1002 1128 tamen
1023 1065 1144 1130 comitis
1167 1087 1224 1148 po-

200 1174 278 1256 puli.

279 1287 362 1348 XlV.
407 1287 566 1351 Coniurati
586 1288 672 1350 fures
687 1289 851 1352 nominare
866 1308 929 1350 nnn
949 1289 1084 1370 possint,
1105 1309 1145 1352 ne
1166 1309 1224 1371 per

195 1399 257 1460 hoc
271 1393 425 1460 innocens
441 1400 585 1480 popellus
606 1402 811 1482 opprimatur.

279 1511 348 1572 XV.
391 1511 485 1572 Nobis
499 1511 684 1574 facientibus
699 1512 872 1576 exercitum
888 1521 973 1576 extra
989 1533 1120 1596 regnum
1134 1514 1224 1576 nobi-

191 1623 240 1686 les
254 1623 417 1686 nobiscum
431 1623 478 1685 ire
489 1643 554 1684 non
565 1631 740 1698 teneantur,
756 1623 815 1686 nisi
830 1625 960 1687 comites
975 1633 1007 1687 et
1020 1624 1223 1706 stipendiarii,

194 1743 226 1798 et
246 1735 452 1816 iohbagicnes
475 1735 568 1796 castri
589 1744 622 1798 et
642 1736 751 1817 quiex
772 1736 877 1800 officio
893 1737 998 1800 debito
1014 1745 1170 1812 tenentur,
1192 1746 1223 1800 et

193 1843 309 1926 quibus
324 1850 442 1926 amplas
457 1847 673 1908 concessimus
689 1848 916 1927 possessiones.

276 1954 358 2016 XVI.
400 1956 430 2016 Si
452 1975 530 2020 uero
551 1957 708 2020 exercitus
730 1977 974 2040 supertregnum
996 1959 1132 2033 uenerit,
1152 1958 1223 2022 uui·

192 2067 283 2130 uersi
299 2075 333 2128 et
350 2066 466 2148 singuli
485 2068 524 2129 ad
546 2067 764 2130 defensionem
783 2069 881 2150 patrie
898 2077 1008 2132 contra
1028 2069 1172 2130 inimicos
1187 2089 1221 2132 se

192 2197 355 2258 opponere
369 2185 545 2242 teneantur.
566 2192 711 2260 regresso
722 2179 966 2260 superueniente
980 2179 1070 2242 hoste
1083 2200 1140 2261 pro
1151 2179 1222 2242 uin·

192 2288 277 2351 diota
290 2289 375 2370 ipsos
390 2298 536 2352 tenentur
551 2291 708 2372 persequi.

276 2401 372 2462 XVll.
414 2401 576 2463 Palatinus
596 2422 675 2464 uero
700 2419 812 2466 omnes
840 2403 983 2466 homines
1005 2403 1220 2466 indifferenter

191 2512 361 2586 discuciat,
392 2521 497 2594 preter
523 2533 672 2594 personas
700 2513 930 2578 ecclesiasticas
956 2523 987 2578 et
1011 2515 1155 2589 clericos,
1190 2521 1221 2576 et

191 2633 298 2707 preter
313 2645 423 2688 causas
438 2624 682 2688 matrimoniales
697 2635 729 2688 ct
740 2627 830 2689 dotes
845 2636 876 2691 et
891 2626 966 2689 alias
982 2627 1220 2705 ecclesiasticas,

191 2752 385 2818 quacunque
408 2735 549 2798 racione
564 2735 713 2800 uidentur
743 2738 782 2801 ad
811 2737 1059 2801 ecclesiasticum
1088 2756 1220 2800 examen

191 2849 362 2929 pertinere.

274 2959 384 3020 XVlll.
426 2959 526 3022 Cause
548 2959 699 3020 nobilium
721 2980 783 3042 que
809 2961 849 3024 ad
874 2959 1088 3041 perdicionem
1110 2959 1218 3040 capitis

192 3079 247 3132 aut
262 3071 505 3134 destructionem
520 3073 754 3152 possessionum
770 3073 944 3136 eorundem
959 3071 1128 3152 pertinent,
1150 3070 1217 3133 sine

191 3183 391 3246 consciencia
404 3184 494 3264 regis·
504 3203 559 3264 per
574 3183 676 3246 nullos
690 3182 811 3250 iudices
824 3182 1042 3247 terminentur.

275 3293 360 3354 XIX.
402 3293 559 3356 Palatinus
574 3293 694 3356 iudices
708 3293 844 3354 uicarins
859 3312 922 3354 nnn
936 3293 1061 3366 habeat,
1075 3291 1137 3353 nisi
1148 3292 1218 3354 uni-

190 3425 263 3466 cum
284 3403 425 3467 incuria
444 3425 511 3468 sua.
540 3413 571 3466 et
592 3411 704 3466 causat
723 3403 888 3484 diligenter
901 3424 942 3467 ne
961 3412 1072 3469 eontra
1085 3411 1217 3486 presens

190 3523 338 3578 statutum
353 3517 488 3598 aliquem
503 3517 620 3578 iudicet
634 3516 685 3576 uel
700 3516 896 3578 condemnet.

274 3627 344 3686 XX.
388 3627 519 3688 Curialis
535 3647 641 3690 comes
656 3635 773 3700 noster,
792 3628 867 3688 dum
881 3627 914 3689 in
929 3625 1016 3694 curia
1031 3635 1138 3690 nostra
1152 3649 1218 3690 ma-

190 3749 259 3814 net,
281 3759 391 3801 omnes
413 3737 546 3812 iudicat,
569 3747 738 3801 etecusam
756 3737 932 3801 inchoatam
956 3740 988 3800 in
1010 3747 1116 3800 nostra
1132 3740 1219 3802 curia

189 3851 309 3932 ubique
332 3851 432 3932 possit
455 3849 634 3915 terminare.
662 3849 719 3914 sed
740 3848 877 3910 existens
901 3848 934 3912 in
955 3849 1065 3931 predio
1086 3869 1144 3912 suo
1165 3849 1218 3912 uel

190 3964 265 4026 alibi
279 3970 368 4026 extra
383 3963 499 4026 curiam
514 3971 668 4038 nostram,
690 3980 749 4026 nec
763 3961 839 4024 dara
857 3961 1047 4044 prestuldos,
1068 3980 1126 4023 nec
1144 3980 1218 4044 par·

188 4087 237 4143 tes
252 4075 352 4160 possit
366 4075 454 4140 citari
467 4075 582 4146 lacere.

273 4187 359 4254 XXI.
399 4188 439 4254 Et
453 4187 527 4276 quia
539 4185 629 4250 multi
642 4185 675 4250 in
688 4205 787 4272 ragno
801 4185 949 4254 luduntur
963 4205 1022 4272 par
1031 4179 1128 4246 falsos
1142 4200 1216 4270 pre-
