<?xml version="1.0" encoding="UTF-8"?>
<!DOCTYPE html PUBLIC "-//W3C//DTD XHTML 1.0 Transitional//EN"
    "http://www.w3.org/TR/xhtml1/DTD/xhtml1-transitional.dtd">
<html xmlns="http://www.w3.org/1999/xhtml" xml:lang="en" lang="en">
 <head>
  <title>
</title>
<meta http-equiv="Content-Type" content="text/html;charset=utf-8" />
  <meta name='ocr-system' content='tesseract 3.04.00' />
  <meta name='ocr-capabilities' content='ocr_page ocr_carea ocr_par ocr_line ocrx_word'/>
</head>
<body>
  <div class='ocr_page' id='page_1' title='image "./rerumhungaricar01endlgoog_0231.png"; bbox 0 0 2904 4754; ppageno 0'>
   <div class='ocr_carea' id='block_1_1' title="bbox 379 427 1177 516">
    <p class='ocr_par' dir='ltr' id='par_1_1' title="bbox 379 427 1177 516">
     <span class='ocr_line' id='line_1_1' title="bbox 379 427 1177 516; baseline -0.001 -6"><span class='ocrx_word' id='word_1_1' title='bbox 379 427 465 510; x_wconf 73' lang='lat' dir='ltr'><strong>esan</strong></span> <span class='ocrx_word' id='word_1_2' title='bbox 488 463 529 510; x_wconf 81' lang='lat' dir='ltr'><strong>w.</strong></span> <span class='ocrx_word' id='word_1_3' title='bbox 549 459 638 514; x_wconf 71' lang='lat' dir='ltr'><strong>urnis</strong></span> <span class='ocrx_word' id='word_1_4' title='bbox 661 439 949 516; x_wconf 68' lang='lat' dir='ltr'><strong>prooemiari.</strong></span> <span class='ocrx_word' id='word_1_5' title='bbox 1115 441 1177 510; x_wconf 71' lang='lat' dir='ltr'><strong>bid</strong></span> 
     </span>
    </p>
   </div>
   <div class='ocr_carea' id='block_1_2' title="bbox 145 615 1272 700">
    <p class='ocr_par' dir='ltr' id='par_1_2' title="bbox 145 615 1272 700">
     <span class='ocr_line' id='line_1_2' title="bbox 145 615 1272 700; baseline 0.006 -21"><span class='ocrx_word' id='word_1_6' title='bbox 145 617 212 700; x_wconf 79' lang='lat' dir='ltr'><strong>ipsi</strong></span> <span class='ocrx_word' id='word_1_7' title='bbox 222 625 312 680; x_wconf 51' lang='lat' dir='ltr'><strong>¹tantu</strong></span> <span class='ocrx_word' id='word_1_8' title='bbox 323 617 415 679; x_wconf 87' lang='lat' dir='ltr'><strong>nobis</strong></span> <span class='ocrx_word' id='word_1_9' title='bbox 430 625 588 682; x_wconf 87' lang='lat' dir='ltr'><strong>etccronc</strong></span> <span class='ocrx_word' id='word_1_10' title='bbox 604 625 787 681; x_wconf 87' lang='lat' dir='ltr'><strong>tenerentur</strong></span> <span class='ocrx_word' id='word_1_11' title='bbox 797 615 920 681; x_wconf 87' lang='lat' dir='ltr'><strong>fidelius</strong></span> <span class='ocrx_word' id='word_1_12' title='bbox 935 626 966 682; x_wconf 89' lang='lat' dir='ltr'><strong>et</strong></span> <span class='ocrx_word' id='word_1_13' title='bbox 976 619 1178 682; x_wconf 81' lang='lat' dir='ltr'><strong>affectuosius</strong></span> <span class='ocrx_word' id='word_1_14' title='bbox 1268 681 1272 686; x_wconf 85' lang='lat'>.</span> 
     </span>
    </p>
   </div>
   <div class='ocr_carea' id='block_1_3' title="bbox 80 727 1264 4358">
    <p class='ocr_par' dir='ltr' id='par_1_3' title="bbox 143 727 1182 1368">
     <span class='ocr_line' id='line_1_3' title="bbox 146 727 1181 808; baseline 0.004 -20"><span class='ocrx_word' id='word_1_15' title='bbox 146 727 313 802; x_wconf 69' lang='lat' dir='ltr'><strong>femmae,</strong></span> <span class='ocrx_word' id='word_1_16' title='bbox 334 727 452 808; x_wconf 85' lang='lat' dir='ltr'><strong>quanto</strong></span> <span class='ocrx_word' id='word_1_17' title='bbox 477 727 722 808; x_wconf 76' lang='lat' dir='ltr'><strong>preciosioribus</strong></span> <span class='ocrx_word' id='word_1_18' title='bbox 748 727 943 792; x_wconf 74' lang='lat' dir='ltr'><strong>libertatibus</strong></span> <span class='ocrx_word' id='word_1_19' title='bbox 969 747 1024 794; x_wconf 88' lang='lat' dir='ltr'><strong>eos</strong></span> <span class='ocrx_word' id='word_1_20' title='bbox 1047 729 1181 792; x_wconf 84' lang='lat' dir='ltr'><strong>donare·</strong></span> 
     </span>
     <span class='ocr_line' id='line_1_4' title="bbox 147 833 1181 922; baseline 0.002 -22"><span class='ocrx_word' id='word_1_21' title='bbox 147 859 232 902; x_wconf 79' lang='lat' dir='ltr'><strong>mus.</strong></span> <span class='ocrx_word' id='word_1_22' title='bbox 261 858 396 922; x_wconf 84' lang='lat' dir='ltr'><strong>querum</strong></span> <span class='ocrx_word' id='word_1_23' title='bbox 418 841 590 922; x_wconf 68' lang='lat' dir='ltr'><strong>peticiones</strong></span> <span class='ocrx_word' id='word_1_24' title='bbox 612 848 643 903; x_wconf 90' lang='lat' dir='ltr'><strong>et</strong></span> <span class='ocrx_word' id='word_1_25' title='bbox 663 833 833 902; x_wconf 83' lang='lat' dir='ltr'><strong>instancias</strong></span> <span class='ocrx_word' id='word_1_26' title='bbox 855 841 1090 903; x_wconf 80' lang='lat' dir='ltr'><strong>considerantes</strong></span> <span class='ocrx_word' id='word_1_27' title='bbox 1111 840 1181 904; x_wconf 88' lang='lat' dir='ltr'><strong>iore</strong></span> 
     </span>
     <span class='ocr_line' id='line_1_5' title="bbox 147 951 1182 1034; baseline 0.004 -22"><span class='ocrx_word' id='word_1_28' title='bbox 147 951 249 1014; x_wconf 85' lang='lat' dir='ltr'><strong>iustas</strong></span> <span class='ocrx_word' id='word_1_29' title='bbox 265 951 480 1034; x_wconf 85' lang='lat' dir='ltr'><strong>etiegitimas,</strong></span> <span class='ocrx_word' id='word_1_30' title='bbox 502 951 608 1016; x_wconf 88' lang='lat' dir='ltr'><strong>habito</strong></span> <span class='ocrx_word' id='word_1_31' title='bbox 626 953 779 1014; x_wconf 88' lang='lat' dir='ltr'><strong>baronum</strong></span> <span class='ocrx_word' id='word_1_32' title='bbox 800 951 1128 1016; x_wconf 80' lang='lat' dir='ltr'><strong>nostrorumconsitio</strong></span> <span class='ocrx_word' id='word_1_33' title='bbox 1151 960 1182 1016; x_wconf 85' lang='lat' dir='ltr'><strong>et</strong></span> 
     </span>
     <span class='ocr_line' id='line_1_6' title="bbox 143 1052 1182 1146; baseline 0.004 -22"><span class='ocrx_word' id='word_1_34' title='bbox 143 1080 285 1126; x_wconf 82' lang='lat' dir='ltr'><strong>assensn</strong></span> <span class='ocrx_word' id='word_1_35' title='bbox 307 1052 451 1129; x_wconf 65' lang='lat' dir='ltr'><strong>duiimus</strong></span> <span class='ocrx_word' id='word_1_36' title='bbox 472 1063 690 1136; x_wconf 86' lang='lat' dir='ltr'><strong>admittendas,</strong></span> <span class='ocrx_word' id='word_1_37' title='bbox 714 1065 930 1139; x_wconf 83' lang='lat' dir='ltr'><strong>attendentes,</strong></span> <span class='ocrx_word' id='word_1_38' title='bbox 948 1065 1037 1146; x_wconf 86' lang='lat' dir='ltr'><strong>quud</strong></span> <span class='ocrx_word' id='word_1_39' title='bbox 1060 1065 1100 1128; x_wconf 91' lang='lat' dir='ltr'><strong>de</strong></span> <span class='ocrx_word' id='word_1_40' title='bbox 1120 1063 1182 1128; x_wconf 91' lang='lat' dir='ltr'><strong>hcc</strong></span> 
     </span>
     <span class='ocr_line' id='line_1_7' title="bbox 148 1171 1166 1257; baseline 0.002 -23"><span class='ocrx_word' id='word_1_41' title='bbox 148 1173 309 1254; x_wconf 84' lang='lat' dir='ltr'><strong>inuigilari</strong></span> <span class='ocrx_word' id='word_1_42' title='bbox 324 1175 363 1237; x_wconf 90' lang='lat' dir='ltr'><strong>de</strong></span> <span class='ocrx_word' id='word_1_43' title='bbox 379 1173 583 1238; x_wconf 81' lang='lat' dir='ltr'><strong>commodiori</strong></span> <span class='ocrx_word' id='word_1_44' title='bbox 599 1175 713 1238; x_wconf 87' lang='lat' dir='ltr'><strong>debeat</strong></span> <span class='ocrx_word' id='word_1_45' title='bbox 729 1183 812 1240; x_wconf 82' lang='lat' dir='ltr'><strong>stetu</strong></span> <span class='ocrx_word' id='word_1_46' title='bbox 826 1175 926 1257; x_wconf 88' lang='lat' dir='ltr'><strong>regni.</strong></span> <span class='ocrx_word' id='word_1_47' title='bbox 1163 1171 1166 1179; x_wconf 81' lang='grc'><strong>’</strong></span> 
     </span>
     <span class='ocr_line' id='line_1_8' title="bbox 235 1283 542 1368; baseline 0 -22"><span class='ocrx_word' id='word_1_48' title='bbox 235 1283 542 1368; x_wconf 66' lang='grc' dir='ltr'><strong>ἓῑαῑηίιηυεὴεᾳιιοι</strong></span> 
     </span>
    </p>

    <p class='ocr_par' dir='ltr' id='par_1_4' title="bbox 150 1397 1225 1797">
     <span class='ocr_line' id='line_1_9' title="bbox 197 1397 1181 1479; baseline 0.004 -21"><span class='ocrx_word' id='word_1_49' title='bbox 197 1421 200 1428; x_wconf 60' lang='grc'><em>’</em></span> <span class='ocrx_word' id='word_1_50' title='bbox 235 1397 259 1458; x_wconf 87' lang='grc' dir='ltr'><strong>Ι.</strong></span> <span class='ocrx_word' id='word_1_51' title='bbox 299 1397 386 1479; x_wconf 81' lang='lat' dir='ltr'><strong>qood</strong></span> <span class='ocrx_word' id='word_1_52' title='bbox 396 1397 526 1460; x_wconf 88' lang='lat' dir='ltr'><strong>eoiiecte</strong></span> <span class='ocrx_word' id='word_1_53' title='bbox 540 1406 570 1460; x_wconf 90' lang='lat' dir='ltr'><strong>et</strong></span> <span class='ocrx_word' id='word_1_54' title='bbox 582 1397 762 1462; x_wconf 74' lang='lat' dir='ltr'><strong>eiactiones</strong></span> <span class='ocrx_word' id='word_1_55' title='bbox 776 1398 902 1462; x_wconf 84' lang='lat' dir='ltr'><strong>racione</strong></span> <span class='ocrx_word' id='word_1_56' title='bbox 915 1417 1037 1461; x_wconf 88' lang='lat' dir='ltr'><strong>camere</strong></span> <span class='ocrx_word' id='word_1_57' title='bbox 1052 1397 1106 1462; x_wconf 93' lang='lat' dir='ltr'><strong>uel</strong></span> <span class='ocrx_word' id='word_1_58' title='bbox 1118 1397 1181 1462; x_wconf 82' lang='lat' dir='ltr'><strong>alia</strong></span> 
     </span>
     <span class='ocr_line' id='line_1_10' title="bbox 150 1509 1180 1592; baseline 0 -20"><span class='ocrx_word' id='word_1_59' title='bbox 150 1509 279 1572; x_wconf 83' lang='lat' dir='ltr'><strong>racione</strong></span> <span class='ocrx_word' id='word_1_60' title='bbox 295 1510 334 1572; x_wconf 88' lang='lat' dir='ltr'><strong>de</strong></span> <span class='ocrx_word' id='word_1_61' title='bbox 349 1509 472 1590; x_wconf 85' lang='lat' dir='ltr'><strong>populis</strong></span> <span class='ocrx_word' id='word_1_62' title='bbox 491 1511 643 1572; x_wconf 83' lang='lat' dir='ltr'><strong>nobilium</strong></span> <span class='ocrx_word' id='word_1_63' title='bbox 661 1509 748 1572; x_wconf 87' lang='lat' dir='ltr'><strong>nullo</strong></span> <span class='ocrx_word' id='word_1_64' title='bbox 763 1527 911 1592; x_wconf 88' lang='lat' dir='ltr'><strong>umquam</strong></span> <span class='ocrx_word' id='word_1_65' title='bbox 925 1519 1067 1590; x_wconf 89' lang='lat' dir='ltr'><strong>tempore</strong></span> <span class='ocrx_word' id='word_1_66' title='bbox 1082 1511 1180 1592; x_wconf 81' lang='lat' dir='ltr'><strong>recipi</strong></span> 
     </span>
     <span class='ocr_line' id='line_1_11' title="bbox 151 1615 1225 1711; baseline -0.002 -27"><span class='ocrx_word' id='word_1_67' title='bbox 151 1622 305 1694; x_wconf 87' lang='lat' dir='ltr'><strong>debeant,</strong></span> <span class='ocrx_word' id='word_1_68' title='bbox 321 1625 384 1682; x_wconf 76' lang='lat' dir='ltr'><strong>&#39;uec</strong></span> <span class='ocrx_word' id='word_1_69' title='bbox 397 1615 563 1695; x_wconf 70' lang='lat' dir='ltr'><strong>uictredo,</strong></span> <span class='ocrx_word' id='word_1_70' title='bbox 586 1639 643 1684; x_wconf 90' lang='lat' dir='ltr'><strong>nec</strong></span> <span class='ocrx_word' id='word_1_71' title='bbox 657 1621 784 1684; x_wconf 87' lang='lat' dir='ltr'><strong>racione</strong></span> <span class='ocrx_word' id='word_1_72' title='bbox 801 1621 971 1685; x_wconf 86' lang='lat' dir='ltr'><strong>descensus</strong></span> <span class='ocrx_word' id='word_1_73' title='bbox 986 1641 1112 1711; x_wconf 83' lang='lat' dir='ltr'><strong>pernes</strong></span> <span class='ocrx_word' id='word_1_74' title='bbox 1126 1617 1181 1686; x_wconf 91' lang='lat' dir='ltr'><strong>nel</strong></span> <span class='ocrx_word' id='word_1_75' title='bbox 1223 1636 1225 1640; x_wconf 84' lang='lat'>·</span> 
     </span>
     <span class='ocr_line' id='line_1_12' title="bbox 151 1727 1005 1797; baseline -0.012 0"><span class='ocrx_word' id='word_1_76' title='bbox 151 1733 232 1797; x_wconf 85' lang='lat' dir='ltr'><strong>alios</strong></span> <span class='ocrx_word' id='word_1_77' title='bbox 247 1731 415 1794; x_wconf 84' lang='lat' dir='ltr'><strong>molestari.</strong></span> <span class='ocrx_word' id='word_1_78' title='bbox 1002 1727 1005 1734; x_wconf 76' lang='grc'>’</span> 
     </span>
    </p>

    <p class='ocr_par' dir='ltr' id='par_1_5' title="bbox 80 1840 1183 2350">
     <span class='ocr_line' id='line_1_13' title="bbox 230 1840 1183 1932; baseline 0.007 -30"><span class='ocrx_word' id='word_1_79' title='bbox 230 1843 271 1902; x_wconf 85' lang='lat' dir='ltr'><strong>ti.</strong></span> <span class='ocrx_word' id='word_1_80' title='bbox 311 1843 392 1904; x_wconf 88' lang='lat' dir='ltr'><strong>Item</strong></span> <span class='ocrx_word' id='word_1_81' title='bbox 403 1840 560 1917; x_wconf 81' lang='lat' dir='ltr'><strong>uolumus,</strong></span> <span class='ocrx_word' id='word_1_82' title='bbox 571 1843 656 1932; x_wconf 88' lang='lat' dir='ltr'><strong>quod</strong></span> <span class='ocrx_word' id='word_1_83' title='bbox 671 1859 779 1907; x_wconf 85' lang='lat' dir='ltr'><strong>omues</strong></span> <span class='ocrx_word' id='word_1_84' title='bbox 795 1851 879 1906; x_wconf 87' lang='lat' dir='ltr'><strong>terre</strong></span> <span class='ocrx_word' id='word_1_85' title='bbox 895 1845 986 1911; x_wconf 83' lang='lat' dir='ltr'><strong>castri</strong></span> <span class='ocrx_word' id='word_1_86' title='bbox 1001 1843 1054 1910; x_wconf 86' lang='lat' dir='ltr'><strong>uei</strong></span> <span class='ocrx_word' id='word_1_87' title='bbox 1065 1847 1183 1909; x_wconf 87' lang='lat' dir='ltr'><strong>uduor-</strong></span> 
     </span>
     <span class='ocr_line' id='line_1_14' title="bbox 150 1953 1180 2038; baseline 0.002 -21"><span class='ocrx_word' id='word_1_88' title='bbox 150 1954 306 2026; x_wconf 89' lang='lat' dir='ltr'><strong>nicorum,</strong></span> <span class='ocrx_word' id='word_1_89' title='bbox 329 1953 369 2016; x_wconf 83' lang='lat' dir='ltr'><strong>ud</strong></span> <span class='ocrx_word' id='word_1_90' title='bbox 384 1971 462 2038; x_wconf 86' lang='lat' dir='ltr'><strong>quos</strong></span> <span class='ocrx_word' id='word_1_91' title='bbox 476 1953 585 2034; x_wconf 89' lang='lat' dir='ltr'><strong>popuii</strong></span> <span class='ocrx_word' id='word_1_92' title='bbox 601 1961 707 2018; x_wconf 86' lang='lat' dir='ltr'><strong>nostro</strong></span> <span class='ocrx_word' id='word_1_93' title='bbox 722 1956 849 2018; x_wconf 88' lang='lat' dir='ltr'><strong>nomine</strong></span> <span class='ocrx_word' id='word_1_94' title='bbox 865 1955 916 2017; x_wconf 89' lang='lat' dir='ltr'><strong>uel</strong></span> <span class='ocrx_word' id='word_1_95' title='bbox 931 1955 1056 2019; x_wconf 86' lang='lat' dir='ltr'><strong>domine</strong></span> <span class='ocrx_word' id='word_1_96' title='bbox 1071 1957 1180 2038; x_wconf 86' lang='lat' dir='ltr'><strong>regine</strong></span> 
     </span>
     <span class='ocr_line' id='line_1_15' title="bbox 151 2064 1183 2149; baseline 0.003 -21"><span class='ocrx_word' id='word_1_97' title='bbox 151 2071 226 2128; x_wconf 88' lang='lat' dir='ltr'><strong>suut</strong></span> <span class='ocrx_word' id='word_1_98' title='bbox 240 2065 434 2146; x_wconf 89' lang='lat' dir='ltr'><strong>congregati,</strong></span> <span class='ocrx_word' id='word_1_99' title='bbox 455 2073 559 2128; x_wconf 86' lang='lat' dir='ltr'><strong>castro</strong></span> <span class='ocrx_word' id='word_1_100' title='bbox 573 2065 626 2128; x_wconf 89' lang='lat' dir='ltr'><strong>uel</strong></span> <span class='ocrx_word' id='word_1_101' title='bbox 644 2064 823 2128; x_wconf 89' lang='lat' dir='ltr'><strong>uduarnicis</strong></span> <span class='ocrx_word' id='word_1_102' title='bbox 842 2067 1055 2141; x_wconf 88' lang='lat' dir='ltr'><strong>restituantur,</strong></span> <span class='ocrx_word' id='word_1_103' title='bbox 1078 2077 1109 2130; x_wconf 93' lang='lat' dir='ltr'><strong>et</strong></span> <span class='ocrx_word' id='word_1_104' title='bbox 1122 2067 1183 2149; x_wconf 88' lang='lat' dir='ltr'><strong>ipsi</strong></span> 
     </span>
     <span class='ocr_line' id='line_1_16' title="bbox 80 2173 1183 2259; baseline -0.002 -19"><span class='ocrx_word' id='word_1_105' title='bbox 80 2181 86 2186; x_wconf 83' lang='lat'><em>&#39;</em></span> <span class='ocrx_word' id='word_1_106' title='bbox 149 2173 196 2240; x_wconf 78' lang='lat' dir='ltr'><strong>riti</strong></span> <span class='ocrx_word' id='word_1_107' title='bbox 221 2177 359 2259; x_wconf 88' lang='lat' dir='ltr'><strong>gaudere</strong></span> <span class='ocrx_word' id='word_1_108' title='bbox 385 2173 522 2238; x_wconf 84' lang='lat' dir='ltr'><strong>debeant</strong></span> <span class='ocrx_word' id='word_1_109' title='bbox 544 2174 744 2258; x_wconf 84' lang='lat' dir='ltr'><strong>priuilegiatc</strong></span> <span class='ocrx_word' id='word_1_110' title='bbox 770 2177 895 2238; x_wconf 87' lang='lat' dir='ltr'><strong>nomine</strong></span> <span class='ocrx_word' id='word_1_111' title='bbox 921 2177 1081 2258; x_wconf 89' lang='lat' dir='ltr'><strong>hospitum</strong></span> <span class='ocrx_word' id='word_1_112' title='bbox 1104 2175 1183 2239; x_wconf 89' lang='lat' dir='ltr'><strong>liba-</strong></span> 
     </span>
     <span class='ocr_line' id='line_1_17' title="bbox 153 2272 547 2350; baseline 0 0"><span class='ocrx_word' id='word_1_113' title='bbox 153 2303 272 2350; x_wconf 84' lang='lat' dir='ltr'><strong>rorum.</strong></span> <span class='ocrx_word' id='word_1_114' title='bbox 432 2272 436 2280; x_wconf 44' lang='lat'><em>¹</em></span> <span class='ocrx_word' id='word_1_115' title='bbox 540 2290 547 2304; x_wconf 65' lang='lat'><strong>&#39;¹</strong></span> 
     </span>
    </p>

    <p class='ocr_par' dir='ltr' id='par_1_6' title="bbox 153 2394 1185 2918">
     <span class='ocr_line' id='line_1_18' title="bbox 236 2394 1185 2482; baseline 0 -22"><span class='ocrx_word' id='word_1_116' title='bbox 236 2397 287 2460; x_wconf 86' lang='lat' dir='ltr'><strong>iii.</strong></span> <span class='ocrx_word' id='word_1_117' title='bbox 329 2397 407 2461; x_wconf 88' lang='lat' dir='ltr'><strong>Item</strong></span> <span class='ocrx_word' id='word_1_118' title='bbox 422 2397 648 2471; x_wconf 86' lang='lat' dir='ltr'><strong>ordinauimus,</strong></span> <span class='ocrx_word' id='word_1_119' title='bbox 660 2397 745 2479; x_wconf 88' lang='lat' dir='ltr'><strong>quod</strong></span> <span class='ocrx_word' id='word_1_120' title='bbox 756 2397 858 2460; x_wconf 89' lang='lat' dir='ltr'><strong>nuilus</strong></span> <span class='ocrx_word' id='word_1_121' title='bbox 870 2414 910 2460; x_wconf 82' lang='lat' dir='ltr'><strong>ex</strong></span> <span class='ocrx_word' id='word_1_122' title='bbox 921 2394 1078 2460; x_wconf 85' lang='lat' dir='ltr'><strong>nobilibus</strong></span> <span class='ocrx_word' id='word_1_123' title='bbox 1089 2405 1185 2482; x_wconf 86' lang='lat' dir='ltr'><strong>prop·</strong></span> 
     </span>
     <span class='ocr_line' id='line_1_19' title="bbox 153 2507 1184 2592; baseline 0.001 -20"><span class='ocrx_word' id='word_1_124' title='bbox 153 2519 204 2573; x_wconf 83' lang='lat' dir='ltr'><strong>ter</strong></span> <span class='ocrx_word' id='word_1_125' title='bbox 219 2509 330 2572; x_wconf 89' lang='lat' dir='ltr'><strong>malam</strong></span> <span class='ocrx_word' id='word_1_126' title='bbox 352 2507 585 2591; x_wconf 70' lang='lat' dir='ltr'><strong>suggestionem</strong></span> <span class='ocrx_word' id='word_1_127' title='bbox 600 2509 714 2570; x_wconf 89' lang='lat' dir='ltr'><strong>debeat</strong></span> <span class='ocrx_word' id='word_1_128' title='bbox 733 2510 799 2571; x_wconf 86' lang='lat' dir='ltr'><strong>sine</strong></span> <span class='ocrx_word' id='word_1_129' title='bbox 814 2509 944 2591; x_wconf 88' lang='lat' dir='ltr'><strong>strepitu</strong></span> <span class='ocrx_word' id='word_1_130' title='bbox 963 2509 1071 2572; x_wconf 88' lang='lat' dir='ltr'><strong>iudicii</strong></span> <span class='ocrx_word' id='word_1_131' title='bbox 1086 2508 1184 2592; x_wconf 63' lang='lat' dir='ltr'><strong>captiss</strong></span> 
     </span>
     <span class='ocr_line' id='line_1_20' title="bbox 157 2617 1182 2702; baseline 0.002 -19"><span class='ocrx_word' id='word_1_132' title='bbox 157 2621 225 2686; x_wconf 86' lang='lat' dir='ltr'><strong>uari</strong></span> <span class='ocrx_word' id='word_1_133' title='bbox 234 2643 243 2696; x_wconf 79' lang='lat'><strong>,</strong></span> <span class='ocrx_word' id='word_1_134' title='bbox 262 2620 448 2684; x_wconf 86' lang='lat' dir='ltr'><strong>incarcerari</strong></span> <span class='ocrx_word' id='word_1_135' title='bbox 464 2619 514 2682; x_wconf 91' lang='lat' dir='ltr'><strong>uei</strong></span> <span class='ocrx_word' id='word_1_136' title='bbox 528 2617 720 2682; x_wconf 79' lang='lat' dir='ltr'><strong>damnificari</strong></span> <span class='ocrx_word' id='word_1_137' title='bbox 735 2620 767 2680; x_wconf 89' lang='lat' dir='ltr'><strong>in</strong></span> <span class='ocrx_word' id='word_1_138' title='bbox 781 2621 876 2682; x_wconf 90' lang='lat' dir='ltr'><strong>rebus</strong></span> <span class='ocrx_word' id='word_1_139' title='bbox 892 2639 947 2684; x_wconf 90' lang='lat' dir='ltr'><strong>seu</strong></span> <span class='ocrx_word' id='word_1_140' title='bbox 963 2639 1107 2702; x_wconf 88' lang='lat' dir='ltr'><strong>persona,</strong></span> <span class='ocrx_word' id='word_1_141' title='bbox 1125 2623 1182 2685; x_wconf 86' lang='lat' dir='ltr'><strong>sed</strong></span> 
     </span>
     <span class='ocr_line' id='line_1_21' title="bbox 154 2725 1183 2810; baseline 0 -16"><span class='ocrx_word' id='word_1_142' title='bbox 154 2739 272 2794; x_wconf 88' lang='lat' dir='ltr'><strong>tractus</strong></span> <span class='ocrx_word' id='word_1_143' title='bbox 288 2729 320 2790; x_wconf 88' lang='lat' dir='ltr'><strong>in</strong></span> <span class='ocrx_word' id='word_1_144' title='bbox 335 2729 501 2802; x_wconf 90' lang='lat' dir='ltr'><strong>iudicium,</strong></span> <span class='ocrx_word' id='word_1_145' title='bbox 522 2729 721 2810; x_wconf 81' lang='lat' dir='ltr'><strong>presentibus</strong></span> <span class='ocrx_word' id='word_1_146' title='bbox 736 2730 921 2805; x_wconf 84' lang='lat' dir='ltr'><strong>baronibus,</strong></span> <span class='ocrx_word' id='word_1_147' title='bbox 942 2729 1010 2794; x_wconf 89' lang='lat' dir='ltr'><strong>sine</strong></span> <span class='ocrx_word' id='word_1_148' title='bbox 1021 2731 1086 2808; x_wconf 81' lang='lat' dir='ltr'><strong>ira,</strong></span> <span class='ocrx_word' id='word_1_149' title='bbox 1108 2725 1183 2794; x_wconf 87' lang='lat' dir='ltr'><strong>odio</strong></span> 
     </span>
     <span class='ocr_line' id='line_1_22' title="bbox 154 2839 928 2918; baseline -0.003 -14"><span class='ocrx_word' id='word_1_150' title='bbox 154 2841 209 2918; x_wconf 87' lang='lat' dir='ltr'><strong>uel</strong></span> <span class='ocrx_word' id='word_1_151' title='bbox 222 2841 331 2902; x_wconf 86' lang='lat' dir='ltr'><strong>fauore</strong></span> <span class='ocrx_word' id='word_1_152' title='bbox 345 2840 512 2913; x_wconf 84' lang='lat' dir='ltr'><strong>iudicetur,</strong></span> <span class='ocrx_word' id='word_1_153' title='bbox 532 2839 608 2900; x_wconf 90' lang='lat' dir='ltr'><strong>iuris</strong></span> <span class='ocrx_word' id='word_1_154' title='bbox 624 2839 733 2901; x_wconf 88' lang='lat' dir='ltr'><strong>ordine</strong></span> <span class='ocrx_word' id='word_1_155' title='bbox 750 2840 928 2902; x_wconf 87' lang='lat' dir='ltr'><strong>obseruate.</strong></span> 
     </span>
    </p>

    <p class='ocr_par' dir='ltr' id='par_1_7' title="bbox 155 2947 1183 3363">
     <span class='ocr_line' id='line_1_23' title="bbox 237 2947 1183 3036; baseline 0.002 -24"><span class='ocrx_word' id='word_1_156' title='bbox 237 2950 290 3013; x_wconf 85' lang='lat' dir='ltr'><strong>iv.</strong></span> <span class='ocrx_word' id='word_1_157' title='bbox 306 2965 308 2968; x_wconf 85' lang='grc'><strong><em>·</em></strong></span> <span class='ocrx_word' id='word_1_158' title='bbox 325 2951 407 3012; x_wconf 86' lang='lat' dir='ltr'><strong>&#39;Item</strong></span> <span class='ocrx_word' id='word_1_159' title='bbox 429 2949 658 3036; x_wconf 81' lang='lat' dir='ltr'><strong>concessimus:</strong></span> <span class='ocrx_word' id='word_1_160' title='bbox 681 2949 766 3028; x_wconf 89' lang='lat' dir='ltr'><strong>quud</strong></span> <span class='ocrx_word' id='word_1_161' title='bbox 788 2949 910 3012; x_wconf 90' lang='lat' dir='ltr'><strong>nobiles</strong></span> <span class='ocrx_word' id='word_1_162' title='bbox 934 2949 1030 3030; x_wconf 89' lang='lat' dir='ltr'><strong>petita</strong></span> <span class='ocrx_word' id='word_1_163' title='bbox 1050 2947 1183 3014; x_wconf 82' lang='lat' dir='ltr'><strong>licencid</strong></span> 
     </span>
     <span class='ocr_line' id='line_1_24' title="bbox 156 3055 1183 3142; baseline -0.005 -15"><span class='ocrx_word' id='word_1_164' title='bbox 156 3075 190 3127; x_wconf 89' lang='lat' dir='ltr'><strong>et</strong></span> <span class='ocrx_word' id='word_1_165' title='bbox 203 3063 352 3134; x_wconf 84' lang='lat' dir='ltr'><strong>obtenta,</strong></span> <span class='ocrx_word' id='word_1_166' title='bbox 369 3061 409 3122; x_wconf 92' lang='lat' dir='ltr'><strong>ad</strong></span> <span class='ocrx_word' id='word_1_167' title='bbox 424 3079 642 3142; x_wconf 85' lang='lat' dir='ltr'><strong>quemcunque</strong></span> <span class='ocrx_word' id='word_1_168' title='bbox 663 3055 804 3122; x_wconf 85' lang='lat' dir='ltr'><strong>uestrum</strong></span> <span class='ocrx_word' id='word_1_169' title='bbox 825 3059 858 3122; x_wconf 89' lang='lat' dir='ltr'><strong>se</strong></span> <span class='ocrx_word' id='word_1_170' title='bbox 882 3061 1053 3126; x_wconf 77' lang='lat' dir='ltr'><strong>transferre</strong></span> <span class='ocrx_word' id='word_1_171' title='bbox 1073 3059 1183 3124; x_wconf 89' lang='lat' dir='ltr'><strong>uoluc-</strong></span> 
     </span>
     <span class='ocr_line' id='line_1_25' title="bbox 156 3167 1182 3254; baseline -0.003 -19"><span class='ocrx_word' id='word_1_172' title='bbox 156 3173 227 3246; x_wconf 88' lang='lat' dir='ltr'><strong>rint,</strong></span> <span class='ocrx_word' id='word_1_173' title='bbox 242 3170 451 3234; x_wconf 88' lang='lat' dir='ltr'><strong>transferendi</strong></span> <span class='ocrx_word' id='word_1_174' title='bbox 465 3169 594 3233; x_wconf 87' lang='lat' dir='ltr'><strong>iiberam</strong></span> <span class='ocrx_word' id='word_1_175' title='bbox 609 3170 746 3232; x_wconf 90' lang='lat' dir='ltr'><strong>babeant</strong></span> <span class='ocrx_word' id='word_1_176' title='bbox 760 3167 957 3245; x_wconf 83' lang='lat' dir='ltr'><strong>facultatem,</strong></span> <span class='ocrx_word' id='word_1_177' title='bbox 967 3189 1070 3252; x_wconf 89' lang='lat' dir='ltr'><strong>neque</strong></span> <span class='ocrx_word' id='word_1_178' title='bbox 1088 3191 1182 3254; x_wconf 89' lang='lat' dir='ltr'><strong>prop·</strong></span> 
     </span>
     <span class='ocr_line' id='line_1_26' title="bbox 155 3277 878 3363; baseline -0.01 -15"><span class='ocrx_word' id='word_1_179' title='bbox 155 3291 244 3348; x_wconf 87' lang='lat' dir='ltr'><strong>terea</strong></span> <span class='ocrx_word' id='word_1_180' title='bbox 258 3279 475 3363; x_wconf 87' lang='lat' dir='ltr'><strong>possessiones</strong></span> <span class='ocrx_word' id='word_1_181' title='bbox 488 3300 596 3342; x_wconf 89' lang='lat' dir='ltr'><strong>eorum</strong></span> <span class='ocrx_word' id='word_1_182' title='bbox 611 3277 819 3342; x_wconf 70' lang='lat' dir='ltr'><strong>destruentem.</strong></span> <span class='ocrx_word' id='word_1_183' title='bbox 877 3309 878 3312; x_wconf 38' lang='lat'>¹</span> 
     </span>
    </p>

    <p class='ocr_par' dir='ltr' id='par_1_8' title="bbox 82 3375 1264 4024">
     <span class='ocr_line' id='line_1_27' title="bbox 239 3375 1182 3474; baseline 0 -19"><span class='ocrx_word' id='word_1_184' title='bbox 239 3390 277 3455; x_wconf 85' lang='lat' dir='ltr'><strong>V.</strong></span> <span class='ocrx_word' id='word_1_185' title='bbox 318 3393 466 3454; x_wconf 83' lang='lat' dir='ltr'><strong>Preterea</strong></span> <span class='ocrx_word' id='word_1_186' title='bbox 486 3387 669 3464; x_wconf 74' lang='lat' dir='ltr'><strong>statuimus,</strong></span> <span class='ocrx_word' id='word_1_187' title='bbox 694 3391 778 3470; x_wconf 88' lang='lat' dir='ltr'><strong>qnod</strong></span> <span class='ocrx_word' id='word_1_188' title='bbox 803 3399 887 3454; x_wconf 85' lang='lat' dir='ltr'><strong>terre</strong></span> <span class='ocrx_word' id='word_1_189' title='bbox 910 3391 1075 3466; x_wconf 86' lang='lat' dir='ltr'><strong>nobilium,</strong></span> <span class='ocrx_word' id='word_1_190' title='bbox 1104 3375 1182 3474; x_wconf 84' lang='lat' dir='ltr'><strong>quas</strong></span> 
     </span>
     <span class='ocr_line' id='line_1_28' title="bbox 82 3495 1264 3588; baseline -0.002 -22"><span class='ocrx_word' id='word_1_191' title='bbox 82 3541 86 3550; x_wconf 89' lang='lat'><strong>·</strong></span> <span class='ocrx_word' id='word_1_192' title='bbox 156 3501 267 3588; x_wconf 89' lang='lat' dir='ltr'><strong>populi</strong></span> <span class='ocrx_word' id='word_1_193' title='bbox 285 3499 454 3564; x_wconf 86' lang='lat' dir='ltr'><strong>liberarum</strong></span> <span class='ocrx_word' id='word_1_194' title='bbox 474 3499 618 3561; x_wconf 85' lang='lat' dir='ltr'><strong>uillarum</strong></span> <span class='ocrx_word' id='word_1_195' title='bbox 641 3507 836 3572; x_wconf 89' lang='lat' dir='ltr'><strong>nostrarum,</strong></span> <span class='ocrx_word' id='word_1_196' title='bbox 858 3495 1183 3582; x_wconf 83' lang='lat' dir='ltr'><strong>ueldomineregiue,</strong></span> <span class='ocrx_word' id='word_1_197' title='bbox 1257 3529 1264 3542; x_wconf 95' lang='lat'><em>·</em></span> 
     </span>
     <span class='ocr_line' id='line_1_29' title="bbox 156 3601 1183 3691; baseline -0.008 -13"><span class='ocrx_word' id='word_1_198' title='bbox 156 3633 213 3683; x_wconf 86' lang='lat' dir='ltr'><strong>seu</strong></span> <span class='ocrx_word' id='word_1_199' title='bbox 224 3611 394 3675; x_wconf 74' lang='lat' dir='ltr'><strong>uducmid</strong></span> <span class='ocrx_word' id='word_1_200' title='bbox 405 3601 478 3674; x_wconf 48' lang='lat' dir='ltr'><strong>&#39;seu&#39;</strong></span> <span class='ocrx_word' id='word_1_201' title='bbox 494 3617 686 3684; x_wconf 84' lang='lat' dir='ltr'><strong>castrenses,</strong></span> <span class='ocrx_word' id='word_1_202' title='bbox 706 3629 894 3691; x_wconf 89' lang='lat' dir='ltr'><strong>quacunque</strong></span> <span class='ocrx_word' id='word_1_203' title='bbox 909 3611 1074 3674; x_wconf 90' lang='lat' dir='ltr'><strong>occasione</strong></span> <span class='ocrx_word' id='word_1_204' title='bbox 1090 3629 1183 3672; x_wconf 89' lang='lat' dir='ltr'><strong>oecu-</strong></span> 
     </span>
     <span class='ocr_line' id='line_1_30' title="bbox 157 3715 1183 3808; baseline -0.007 -19"><span class='ocrx_word' id='word_1_205' title='bbox 157 3731 317 3808; x_wconf 86' lang='lat' dir='ltr'><strong>pauerunt</strong></span> <span class='ocrx_word' id='word_1_206' title='bbox 338 3730 369 3786; x_wconf 86' lang='lat' dir='ltr'><strong>et</strong></span> <span class='ocrx_word' id='word_1_207' title='bbox 385 3721 548 3794; x_wconf 82' lang='lat' dir='ltr'><strong>detinent,</strong></span> <span class='ocrx_word' id='word_1_208' title='bbox 561 3715 771 3782; x_wconf 82' lang='lat' dir='ltr'><strong>¹restituantur</strong></span> <span class='ocrx_word' id='word_1_209' title='bbox 785 3721 860 3801; x_wconf 88' lang='lat' dir='ltr'><strong>ipsis</strong></span> <span class='ocrx_word' id='word_1_210' title='bbox 879 3721 1049 3794; x_wconf 84' lang='lat' dir='ltr'><strong>nobilibus,</strong></span> <span class='ocrx_word' id='word_1_211' title='bbox 1071 3731 1183 3783; x_wconf 85' lang='lat' dir='ltr'><strong>secun-</strong></span> 
     </span>
     <span class='ocr_line' id='line_1_31' title="bbox 157 3824 1183 3912; baseline -0.006 -14"><span class='ocrx_word' id='word_1_212' title='bbox 157 3837 232 3899; x_wconf 87' lang='lat' dir='ltr'><strong>dum</strong></span> <span class='ocrx_word' id='word_1_213' title='bbox 246 3832 341 3895; x_wconf 86' lang='lat' dir='ltr'><strong>iidem</strong></span> <span class='ocrx_word' id='word_1_214' title='bbox 356 3839 388 3894; x_wconf 89' lang='lat' dir='ltr'><strong>ct</strong></span> <span class='ocrx_word' id='word_1_215' title='bbox 400 3824 567 3893; x_wconf 78' lang='lat' dir='ltr'><strong>scienciam</strong></span> <span class='ocrx_word' id='word_1_216' title='bbox 582 3829 717 3892; x_wconf 89' lang='lat' dir='ltr'><strong>ducrum</strong></span> <span class='ocrx_word' id='word_1_217' title='bbox 731 3831 884 3893; x_wconf 78' lang='lat' dir='ltr'><strong>baronum</strong></span> <span class='ocrx_word' id='word_1_218' title='bbox 900 3837 1075 3896; x_wconf 83' lang='lat' dir='ltr'><strong>nostrorum</strong></span> <span class='ocrx_word' id='word_1_219' title='bbox 1082 3875 1092 3906; x_wconf 92' lang='lat'><em>‚</em></span> <span class='ocrx_word' id='word_1_220' title='bbox 1113 3829 1183 3912; x_wconf 87' lang='lat' dir='ltr'><strong>qui-</strong></span> 
     </span>
     <span class='ocr_line' id='line_1_32' title="bbox 156 3939 1138 4024; baseline -0.006 -16"><span class='ocrx_word' id='word_1_221' title='bbox 156 3947 216 4012; x_wconf 83' lang='lat' dir='ltr'><strong>bus</strong></span> <span class='ocrx_word' id='word_1_222' title='bbox 230 3961 288 4007; x_wconf 88' lang='lat' dir='ltr'><strong>uos</strong></span> <span class='ocrx_word' id='word_1_223' title='bbox 303 3951 335 4006; x_wconf 89' lang='lat' dir='ltr'><strong>et</strong></span> <span class='ocrx_word' id='word_1_224' title='bbox 348 3943 408 4024; x_wconf 90' lang='lat' dir='ltr'><strong>ipsi</strong></span> <span class='ocrx_word' id='word_1_225' title='bbox 420 3941 541 4004; x_wconf 84' lang='lat' dir='ltr'><strong>nobiles</strong></span> <span class='ocrx_word' id='word_1_226' title='bbox 556 3939 652 4004; x_wconf 87' lang='lat' dir='ltr'><strong>fidem</strong></span> <span class='ocrx_word' id='word_1_227' title='bbox 668 3939 811 4004; x_wconf 82' lang='lat' dir='ltr'><strong>duximus</strong></span> <span class='ocrx_word' id='word_1_228' title='bbox 826 3939 1048 4004; x_wconf 87' lang='lat' dir='ltr'><strong>adhibendam.</strong></span> <span class='ocrx_word' id='word_1_229' title='bbox 1068 4021 1070 4024; x_wconf 16' lang='grc' dir='ltr'>Ι</span> <span class='ocrx_word' id='word_1_230' title='bbox 1112 3940 1113 3944; x_wconf 71' lang='grc'>’</span> <span class='ocrx_word' id='word_1_231' title='bbox 1135 3963 1138 3970; x_wconf 70' lang='grc'><strong>’</strong></span> 
     </span>
    </p>

    <p class='ocr_par' dir='ltr' id='par_1_9' title="bbox 157 4051 1182 4358">
     <span class='ocr_line' id='line_1_33' title="bbox 239 4051 1181 4133; baseline -0.004 -17"><span class='ocrx_word' id='word_1_232' title='bbox 239 4053 291 4116; x_wconf 83' lang='lat' dir='ltr'><strong>VI.</strong></span> <span class='ocrx_word' id='word_1_233' title='bbox 332 4055 410 4116; x_wconf 89' lang='lat' dir='ltr'><strong>Item</strong></span> <span class='ocrx_word' id='word_1_234' title='bbox 425 4053 580 4127; x_wconf 86' lang='lat' dir='ltr'><strong>uolumus,</strong></span> <span class='ocrx_word' id='word_1_235' title='bbox 601 4051 687 4133; x_wconf 89' lang='lat' dir='ltr'><strong>quud</strong></span> <span class='ocrx_word' id='word_1_236' title='bbox 701 4051 727 4114; x_wconf 89' lang='lat' dir='ltr'><strong>si</strong></span> <span class='ocrx_word' id='word_1_237' title='bbox 741 4051 876 4132; x_wconf 85' lang='lat' dir='ltr'><strong>aliquem</strong></span> <span class='ocrx_word' id='word_1_238' title='bbox 888 4051 927 4114; x_wconf 91' lang='lat' dir='ltr'><strong>de</strong></span> <span class='ocrx_word' id='word_1_239' title='bbox 942 4051 1098 4114; x_wconf 87' lang='lat' dir='ltr'><strong>nobilibus</strong></span> <span class='ocrx_word' id='word_1_240' title='bbox 1113 4051 1181 4113; x_wconf 89' lang='lat' dir='ltr'><strong>sine</strong></span> 
     </span>
     <span class='ocr_line' id='line_1_34' title="bbox 157 4160 1182 4246; baseline -0.01 -16"><span class='ocrx_word' id='word_1_241' title='bbox 157 4166 275 4232; x_wconf 84' lang='lat' dir='ltr'><strong>herede</strong></span> <span class='ocrx_word' id='word_1_242' title='bbox 297 4165 377 4226; x_wconf 89' lang='lat' dir='ltr'><strong>mori</strong></span> <span class='ocrx_word' id='word_1_243' title='bbox 396 4163 579 4246; x_wconf 86' lang='lat' dir='ltr'><strong>contigerit,</strong></span> <span class='ocrx_word' id='word_1_244' title='bbox 601 4163 817 4244; x_wconf 86' lang='lat' dir='ltr'><strong>possessiones</strong></span> <span class='ocrx_word' id='word_1_245' title='bbox 839 4161 906 4224; x_wconf 88' lang='lat' dir='ltr'><strong>eius</strong></span> <span class='ocrx_word' id='word_1_246' title='bbox 924 4181 990 4226; x_wconf 90' lang='lat' dir='ltr'><strong>non</strong></span> <span class='ocrx_word' id='word_1_247' title='bbox 1009 4160 1182 4224; x_wconf 88' lang='lat' dir='ltr'><strong>distrahan-</strong></span> 
     </span>
     <span class='ocr_line' id='line_1_35' title="bbox 158 4271 1182 4358; baseline -0.009 -17"><span class='ocrx_word' id='word_1_248' title='bbox 158 4285 220 4356; x_wconf 83' lang='lat' dir='ltr'><strong>tur,</strong></span> <span class='ocrx_word' id='word_1_249' title='bbox 239 4274 317 4340; x_wconf 89' lang='lat' dir='ltr'><strong>nulii</strong></span> <span class='ocrx_word' id='word_1_250' title='bbox 337 4275 505 4352; x_wconf 88' lang='lat' dir='ltr'><strong>donentur,</strong></span> <span class='ocrx_word' id='word_1_251' title='bbox 525 4273 601 4336; x_wconf 81' lang='lat' dir='ltr'><strong>nulii</strong></span> <span class='ocrx_word' id='word_1_252' title='bbox 616 4271 829 4350; x_wconf 80' lang='lat' dir='ltr'><strong>conferantur,</strong></span> <span class='ocrx_word' id='word_1_253' title='bbox 847 4271 925 4338; x_wconf 88' lang='lat' dir='ltr'><strong>uuili</strong></span> <span class='ocrx_word' id='word_1_254' title='bbox 946 4275 1182 4358; x_wconf 86' lang='lat' dir='ltr'><strong>perpetuentur,</strong></span> 
     </span>
    </p>
   </div>
   <div class='ocr_carea' id='block_1_4' title="bbox 0 0 1468 4754">
    <p class='ocr_par' dir='ltr' id='par_1_10' title="bbox 0 0 1468 4754">
     <span class='ocr_line' id='line_1_36' title="bbox 0 0 1468 4754; baseline 0 0"><span class='ocrx_word' id='word_1_255' title='bbox 0 0 1468 4754; x_wconf 95' lang='lat' dir='ltr'><strong> </strong></span> 
     </span>
    </p>
   </div>
  </div>
 </body>
</html>
