2920 4758
261 345 322 421 tao
435 374 568 425 aronae
589 371 622 425 n.
644 375 733 426 orons
754 375 921 430 oncruroa
942 379 974 428 rr.
1019 360 1110 429 leel.

261 531 392 594 dicionis
403 532 507 617 colligi
522 534 684 610 iaciemus,
694 535 833 620 exceptis
846 536 884 599 iis
896 535 950 619 qui
961 535 1037 600 fisco
1048 537 1136 618 regio
1147 537 1180 598 in
1191 557 1297 600 censu

260 645 367 708 debito
382 653 537 709 tenentur.
613 654 615 660 '

341 757 407 821 Vll.
449 759 550 840 Super
575 760 685 822 domos
710 759 920 823 seruienoiom
944 760 996 822 uel
1021 759 1111 824 uillas
1137 779 1196 822 nac
1220 780 1294 835 nos,

260 889 319 933 nec
334 889 485 952 agazones
499 871 612 944 nostri,
633 889 692 933 nec
706 871 883 946 falconarii,
905 891 965 936 neo
981 871 1123 945 coniferi,
1144 891 1203 934 nec
1219 891 1294 934 cur-

258 983 348 1046 rileri
376 981 475 1045 nostri
502 981 695 1045 descendant
720 982 797 1064 ipsis
822 983 939 1045 inuitis.
978 983 1158 1064 ubicunque
1184 991 1293 1046 autem

260 1095 332 1158 alibi
347 1113 404 1156 uos
418 1091 470 1156 uel
485 1094 585 1156 dictos
601 1093 751 1156 officiales
766 1101 890 1156 nostros
903 1093 1098 1157 descendere
1112 1094 1293 1176 contigerit,

257 1210 370 1272 iustam
396 1207 630 1272 estimacionem
657 1209 738 1271 solui
763 1209 924 1286 iaciemus,
954 1210 1032 1273 sicut
1054 1211 1233 1272 continetur
1255 1209 1291 1271 in

259 1321 473 1403 sequentibus.

341 1432 420 1492 Vlll.
462 1431 501 1494 Et
522 1430 595 1513 quia
619 1439 785 1513 propterea
805 1441 867 1497 tam
891 1439 1020 1515 propter
1040 1433 1212 1496 descensus
1232 1454 1292 1496 no·

259 1553 339 1608 stros
355 1551 386 1606 et
397 1543 523 1605 domine
538 1543 647 1624 regine
661 1561 697 1606 ac
710 1542 847 1606 liliorum
862 1551 1056 1618 nostrorum,
1077 1563 1172 1626 quam
1188 1545 1287 1605 eciam

259 1656 584 1737 archiepiscoporum,
620 1655 856 1736 episcoporum,
890 1657 1042 1718 baronum
1075 1663 1107 1718 et
1136 1655 1288 1718 nobilium

258 1777 437 1832 nostrorum
451 1763 659 1828 intolerabilia
674 1767 789 1828 damna
811 1773 842 1830 ct
855 1767 1036 1849 grauamina
1050 1786 1108 1848 per
1122 1775 1222 1829 toturn
1236 1787 1288 1830 rc-

259 1899 356 1963 gnum
377 1885 517 1940 nostrum
536 1876 604 1939 ficri
623 1875 825 1952 uidebamus,
848 1879 988 1942 districte
1003 1881 1171 1940 statuendo
1186 1881 1289 1960 praci-

258 1990 372 2074 pimuS,
387 1997 421 2052 ut
435 1988 513 2051 nihil
528 1989 697 2070 recipiatur
711 1990 751 2052 ad
766 1989 930 2072 coquinam
946 1997 1085 2052 nostram
1099 1990 1152 2052 uel
1164 1997 1291 2052 nostro·

258 2123 344 2177 rum,
372 2101 432 2164 nisi
454 2101 536 2164 iusto
556 2103 628 2164 dato
649 2101 767 2182 precio.
796 2101 938 2164 similiter
954 2108 984 2164 et
999 2101 1038 2162 de
1054 2121 1181 2164 annona
1201 2105 1287 2166 etde

256 2215 331 2278 nino
356 2223 387 2278 et
411 2213 477 2277 aliis
504 2214 691 2278 necessariis
716 2213 795 2276 nibil
818 2213 987 2296 recipiant,
1022 2213 1083 2275 nisi
1106 2215 1181 2276 dato
1204 2215 1286 2278 iusto

256 2329 374 2412 precio.
999 2301 1003 2311 ⁸

338 2436 393 2500 lX.
434 2439 494 2499 Pro
520 2437 691 2500 domestico
717 2445 821 2500 autem
847 2437 896 2498 cui
918 2437 1041 2499 iusticia
1062 2437 1202 2500 exhibita
1221 2459 1286 2500 non

255 2549 366 2624 fuerit,
387 2557 451 2612 tres
472 2548 578 2612 rustici
601 2551 641 2612 de
663 2549 738 2612 uilla
760 2549 864 2612 iurare
877 2549 1038 2624 debeant,
1059 2557 1093 2612 et
1112 2550 1151 2612 ad
1175 2569 1284 2612 eorum

254 2664 466 2726 iuramentum
487 2661 602 2744 hospes
624 2661 803 2744 quicunque
828 2661 937 2734 luerit,
964 2661 1136 2724 domestico
1160 2661 1285 2744 plenam

254 2775 347 2838 faciat
361 2773 515 2836 iusticiam
530 2792 600 2834 cum
614 2771 730 2835 iudicio
745 2773 860 2855 regali,
879 2771 931 2835 uel
943 2773 1093 2835 dominus
1108 2773 1199 2846 uille,
1214 2772 1284 2854 qui-

255 2905 378 2970 cunque
400 2885 512 2960 fuerit,
539 2887 606 2948 siue
628 2883 892 2966 archiepiscopus,
919 2885 986 2946 siue
1010 2884 1188 2967 episcopus,
1214 2885 1282 2948 siue
1324 2937 1333 2948 .

255 2999 386 3074 nobrlis,
417 2997 469 3061 ille
496 2995 702 3080 personaliter
725 2995 786 3058 bec
801 2996 912 3057 *uerba
938 2994 1080 3058 ueritatis
1105 2995 1210 3058 dicere
1235 3003 1284 3058 te-

254 3119 375 3176 neatur.
1188 3121 1189 3124 ’

335 3223 376 3284 Χ.
399 3221 584 3302 Quicunque
594 3205 673 3282 uero
684 3217 807 3280 nobiles
818 3217 904 3280 iorxta
915 3217 1049 3280 formam
1062 3221 1169 3282 statuti
1183 3217 1281 3281 nostri

252 3333 404 3398 iusticiam
424 3353 488 3395 non
502 3332 651 3405 iecerint,
672 3331 751 3392 tales
766 3328 899 3412 quilibet
913 3329 1080 3412 episcopus
1095 3331 1128 3392 in
1142 3351 1199 3393 sua
1215 3330 1280 3392 die-

251 3439 316 3508 cesi
338 3442 597 3507 excommunicet.
621 3449 652 3503 et
670 3459 727 3503 nos
752 3459 806 3502 eos
829 3461 886 3524 pro
903 3429 1181 3504 excommunicatis
1202 3449 1279 3504 tam-

254 3557 307 3621 diu
321 3554 521 3628 habebimus,
551 3553 652 3616 donec
663 3553 811 3615 iniuriam
834 3561 929 3634 passo
942 3553 1134 3616 satisfaciant
1155 3572 1280 3636 compe·

253 3675 365 3730 tenter.
625 3665 629 3675 '
1240 3677 1242 3680 ’

334 3777 389 3839 ΧΙ.
431 3775 463 3840 Si
485 3776 718 3860 quis‘seruiens
740 3782 848 3838 noster
867 3775 935 3838 sine
954 3775 1072 3838 herede
1093 3775 1279 3850 decesserit,

252 3897 396 3973 quartam
410 3888 643 3972 possessionem
664 3888 730 3950 filia
744 3887 899 3961 obtineat,
921 3888 960 3952 de
974 3888 1103 3950 residuo
1118 3887 1278 3972 sicutipse

250 4001 388 4066 uoluerit
413 4001 567 4082 disponat.
600 3997 682 4062 etsi
705 4005 806 4062 morte
830 4005 1001 4081 prouentus
1026 3997 1194 4082 disponere
1214 4019 1278 4063 nou

251 4118 375 4197 posset,
390 4109 561 4194 propinqui
575 4109 624 4173 sui
638 4110 691 4193 qui
707 4129 779 4173 eum
793 4109 893 4192 magis
908 4109 1093 4193 contin-gunt
1108 4111 1279 4178 obtineant

253 4230 285 4298 ct
298 4223 325 4290 si
337 4221 455 4287 nullam
469 4221 593 4312 penitus
608 4219 831 4312 cognacionem
843 4221 1000 4302 hahuerit,
1019 4239 1078 4288 rex
1090 4220 1217 4290 habeat.
1299 4221 1300 4224 ’
