2904 4754
273 437 334 502 58⁰
355 438 1189 502 musunssousrnnseusserssrsrsnsrsu.
1213 433 1305 500 lali.

274 611 339 673 sois
360 601 619 692 possidendis,'in
642 607 769 672 decianis
790 609 930 671 dicuudis
952 617 983 671 et
1001 608 1178 690 exigendis,
1199 609 1233 670 iu
1251 608 1308 671 tri-

273 721 358 784 butis
379 721 459 786 detis
480 728 512 784 et
533 721 667 794 donatis,
688 727 721 784 et
742 719 882 782 breuiter
896 719 930 781 in
945 717 1138 802 quibuslibet
1153 713 1307 782 fructibus

276 841 308 896 et
321 831 503 896 utilitatibus
514 831 616 896 eidem
627 831 761 894 ecclesie
776 829 1052 913 prouenientibus:
1066 829 1144 891 item
1156 837 1189 892 et
1200 827 1309 892 exem-

276 945 367 1008 oione
399 943 553 1006 nobilium
581 963 727 1017 suorum,
757 941 949 1005 uessllorum
982 938 1308 1015 condiciouariorum,

277 1057 391 1119 ciuium
407 1063 439 1118 et
453 1063 628 1118 ceterorum
643 1039 831 1116 rusticorum
846 1073 902 1116 seu
917 1052 1125 1126 uillenorum,
1147 1060 1309 1133 tamquam

276 1165 418 1239 domiue,
445 1165 478 1228 in
499 1163 578 1228 solio
603 1183 659 1227 sue
685 1163 854 1226 maiestatis
877 1163 1066 1237 resedisset,
1088 1171 1212 1226 remota
1235 1183 1310 1225 con·

278 1277 462 1344 trediotione
483 1275 664 1348 cuiuslibet,
691 1273 811 1338 munita
831 1273 977 1336 libertate
999 1282 1032 1338 et
1052 1273 1188 1348 uellate,
1209 1294 1309 1357 quun

277 1389 390 1454 eadem
411 1389 544 1453 ecclesia
566 1395 710 1468 tempore
730 1385 928 1450 necessitatis
950 1386 1020 1453 loco
1042 1387 1179 1450 nutricis
1197 1407 1308 1470 regum
1386 1404 1389 1418 ·

277 1499 348 1564 l‘rliis
369 1497 585 1564 conseruutrix
609 1498 648 1562 sit
669 1506 701 1560 et
724 1497 883 1580 magistre.
913 1499 970 1560 sed
991 1485 1073 1579 proh
1095 1499 1203 1560 dolorl
1235 1499 1310 1582 quie

277 1611 351 1676 licet
370 1613 481 1675 eadem
503 1609 636 1674 ecclesie
656 1609 689 1670 in
704 1607 824 1671 eisdem
837 1609 1045 1682 libertatibus,
1066 1608 1183 1691 quibus
1198 1609 1309 1672 fuisset
1423 1603 1424 1608 ’

279 1743 336 1806 per
349 1731 475 1788 sanctos
488 1741 580 1802 reges
595 1719 760 1792 decorate,
781 1727 814 1784 et
834 1739 918 1782 nunc
940 1719 1129 1802 gratuletur:
1150 1720 1309 1784 nibilomi-

279 1853 340 1898 nus
350 1842 456 1896 temen
468 1831 631 1913 priuilegia
644 1838 823 1892 sanctorum
837 1851 959 1913 regum,
973 1851 1070 1913 super
1079 1831 1202 1894 eisdem
1216 1833 1309 1896 liber-

279 1945 392 2009 tutibus
407 1951 549 2006 emanata
565 1962 621 2023 per
634 1943 835 2004 'luctatorum
849 1941 982 2004 insultus
997 1943 1029 2004 in
1044 1943 1159 2006 eodem
1174 1945 1309 2007 ccclesia

279 2055 424 2140 Agriensi
435 2054 569 2118 luissent
583 2052 708 2135 penitus
724 2051 824 2116 oblata
840 2051 1053 2128 etoombnstu,
1068 2055 1197 2117 demum
1210 2075 1308 2138 quum

281 2167 387 2232 Cletus
408 2165 586 2248 episcopus,
609 2163 814 2245 predecessor
836 2165 979 2226 eiusdem
999 2185 1072 2227 cum
1092 2165 1200 2229 inclito
1215 2169 1309 2231 ceris·

281 2277 360 2342 simo
375 2285 464 2359 petre
479 2279 586 2338 nostro
604 2273 678 2336 liele
692 2293 782 2356 rege,
804 2273 976 2338 maritimas
990 2273 1064 2358 iuge
1080 2278 1220 2359 presidio
1237 2287 1309 2361 p'ur·

279 2397 345 2463 tes,
366 2387 501 2450 Tartaris
523 2385 686 2448 uictoriam
710 2385 936 2460 obtinentibus,
966 2387 1134 2470 attigisset,
1154 2387 1187 2453 et
1210 2391 1309 2452 tribus

281 2500 371 2564 annis
392 2514 463 2560 cum
484 2497 596 2560 eodem
618 2495 691 2558 Bele
713 2517 789 2579 rege
809 2497 1017 2560 residentiam
1032 2499 1205 2564 insularem
1223 2522 1311 2584 pere·

281 2611 393 2694 gisset,
423 2607 593 2691 posthoc,
622 2607 759 2670 Tartaris
784 2610 1003 2672 recedentibus
1033 2629 1104 2673 cum
1129 2631 1206 2694 rege
1236 2607 1309 2675 Bel‘u

280 2719 471 2801 Hungarinm
486 2725 666 2792 remeasset,
685 2727 717 2780 et
730 2719 814 2780 idem
828 2739 885 2782 rex
899 2717 975 2782 Belo
990 2723 1203 2802 paternoster
1218 2723 1310 2787 euris-

278 2833 375 2898 siruus
395 2831 564 2913 uuicuique
579 2839 729 2912 quantum
751 2827 918 2912 potuisset,
941 2833 1079 2912 perditas
1099 2834 1263 2898 libertates
1280 2841 1310 2898 et

280 2943 447 3029 priuilegia
473 2949 694 3015 restaurasset,
727 2949 759 3004 et
786 2941 961 3022 specialiter
990 2943 1123 3007 ecclesie
1148 2945 1309 3027 Agriensi,

195 3103 198 3108 -
281 3068 437 3140 umquem
452 3077 508 3120 sue
524 3052 651 3136 proprie
671 3071 863 3135 suorumque
878 3073 1095 3118 successorum
1111 3057 1226 3119 nutrici
1240 3075 1310 3140 spe-

283 3169 368 3242 ciali,
381 3169 510 3231 tandem
524 3173 647 3258 mortuo
663 3164 751 3228 Cleto
767 3161 927 3244 episcopo,
943 3165 1193 3230 conditionarios
1208 3169 1308 3232 eccle·
1327 3207 1331 3219 ι

282 3279 327 3342 sie
344 3277 498 3360 predicte,
518 3273 668 3336 uidelicet
682 3271 808 3336 Samuel
823 3271 906 3336 filius
921 3275 1035 3350 Sibini,
1057 3275 1195 3340 collectis
1211 3280 1309 3341 omni·

284 3391 341 3452 bus
354 3388 431 3470 ipsis
448 3383 628 3467 priuilegiis,
649 3405 712 3466 que
730 3405 790 3465 per
801 3385 908 3447 Belum
922 3407 1029 3468 regem
1043 3387 1177 3451 fuissent
1189 3400 1309 3454 restau-

284 3507 365 3572 rate,
386 3494 624 3567 combussisset,
646 3494 728 3556 etin
752 3495 864 3558 cineris
885 3496 1023 3558 fauillam
1046 3500 1236 3581 redegisset,
1249 3499 1308 3583 'qui

285 3607 412 3689 quidem
433 3603 684 3669 condiciooerius
706 3611 835 3687 propter
848 3625 1011 3670 excessum
1032 3609 1236 3686 infidelitatis,
1258 3614 1309 3675 de-

167 3739 175 3754 =
285 3719 365 3782 iecte
383 3717 558 3792 nobilitate,
580 3737 642 3798 que
663 3739 734 3780 eum
758 3717 842 3780 idem
858 3717 1150 3802 Cletusepisoopns
1168 3720 1309 3786 nobilita-

286 3839 387 3903 ueret,
413 3849 470 3911 per
485 3829 621 3892 eundem
642 3831 788 3893 redactus
811 3830 843 3891 in
865 3832 1048 3895 seruitutem
1070 3831 1255 3909 exstitisset,
1279 3843 1309 3898 ot

286 3948 439 4014 esserunt,
461 3948 492 4004 et
505 3939 580 4003 inde
592 3939 628 4002 in·
640 3939 828 4004 liutheniam
845 3943 1030 4024 aullugisset
1043 3951 1074 4008 et
1087 3943 1134 4008 sic
1149 3948 1310 4022 euasisset,

286 4059 476 4138 propropter
493 4071 551 4115 nos
572 4051 730 4116 humiliter
749 4053 935 4136 postulauit,
956 4063 990 4119 ut
1012 4047 1121 4120 omnes
1142 4057 1310 4133 libertates,

286 4165 588 4256 quibusetempore
609 4173 788 4228 sanctorum
809 4185 920 4248 regum
937 4161 1116 4231 nostrorum
1132 4172 1310 4252 pro-genito·

285 4284 356 4344 rtem
375 4277 444 4363 ipsa
458 4275 593 4346 ecclesia·
604 4277 764 4363 Aprensis
785 4277 1027 4364 dignoscebatur
1040 4278 1161 4359 fulciri,
1184 4289 1216 4348 et
1229 4301 1310 4356 numo
