2978 4754
433 401 435 406 “
550 417 735 480 assurin!
758 419 802 471 ss
822 421 938 472 rsus,
1197 403 1261 476 ⁷25

228 572 301 642 darn
321 571 464 656 hospitis.
492 575 547 657 qui
569 594 641 640 cum
661 574 780 657 etipse
801 575 919 642 liberes
933 585 1113 646 constenter
1128 586 1259 652 asseret,

227 686 405 748 nominatus
427 685 524 750 iudex
547 687 621 750 datu
638 688 792 768 ¹pristalde
811 687 941 752 nemine
953 689 1067 754 Michel
1089 689 1131 752 de
1145 689 1259 770 Urhay,

228 796 313 863 misit
333 805 498 878 utramque
521 806 640 878 partem
660 799 700 862 ad
714 819 849 862 examen
863 799 938 864 ferri
952 801 1115 867 candentis
1129 800 1258 864 Uaredi-

227 925 319 984 num,
339 908 408 980 nbi,
430 909 584 976 cuniam
606 909 708 975 dictus
723 910 900 990 Stephanus
922 911 1039 974 ferrum
1060 919 1187 992 portare
1206 929 1258 974 ec·

227 1021 387 1094 cessisset,
412 1020 482 1083 tetis
507 1005 591 1082 inter
614 1041 670 1084 eos
693 1021 776 1084 faeta
790 1031 850 1086 est
871 1017 1062 1096 currncneic,
1083 1023 1169 1106 quad
1188 1023 1258 1104 ipse

137 1150 139 1156 ’
227 1131 406 1212 Stephanus
418 1131 561 1213 predicto
576 1131 722 1200 Forcusio
740 1133 831 1196 daret
844 1133 923 1196 duas
938 1153 1071 1206 marcas,
1092 1134 1257 1199 Fareasius

228 1253 332 1309 autem
352 1242 428 1310 illos
444 1250 601 1326 quattuor,
623 1263 702 1325 ques
723 1243 905 1325 requirebat
924 1265 980 1325 pre
998 1245 1163 1320 libertinis,
1183 1246 1258 1310 reli-

228 1355 296 1436 quit
308 1355 365 1436 pro
379 1354 487 1444 liberis
502 1355 640 1438 omnino,
654 1355 869 1420 iudicieutetn
883 1356 1034 1438 pristalda
1049 1358 1258 1430 communiter

227 1467 406 1536 satisfacere
419 1475 648 1532 conuenerunt
761 1511 764 1514 «

231 1565 237 1577 ’
299 1573 396 1657 ,(338)
416 1577 527 1640 Petrus
548 1575 630 1638 filius
649 1577 754 1640 Meraz
776 1579 816 1640 de
839 1577 912 1640 uilla
926 1577 997 1642 Kad
1018 1579 1157 1659 impeciit
1169 1580 1257 1645 Brasu

226 1689 423 1752 sacerdotem
444 1697 476 1750 et
495 1688 608 1752 iratres
627 1689 708 1762 eius,
729 1689 1107 1763 scutarinensium,
1127 1695 1160 1752 et
1175 1689 1257 1756 clia-

227 1819 302 1864 num
318 1800 357 1863 de
373 1799 446 1862 uitia
460 1801 604 1873 Kenesi'r,
625 1783 734 1862 dicens
749 1800 834 1880 qued
849 1799 1023 1862 dimidietas
1039 1807 1138 1873 terre,
1161 1819 1255 1882 queas

227 1911 286 1994 ipsi
309 1911 376 1972 iure
402 1909 591 1973 hereditario
616 1911 809 1984 insidebant,
839 1910 1030 1974 hereditaria
1053 1911 1121 1974 eius
1145 1913 1256 1994 porciu

228 2031 330 2088 essetr
348 2023 435 2105 quud
449 2043 520 2086 cum
533 2022 577 2084 illi
591 2031 759 2105 negarent,
781 2023 942 2088 Ladislaus
958 2042 1063 2084 cernes
1074 2022 1257 2088 Bachiensie

227 2143 259 2198 et
281 2135 378 2198 iudex
401 2135 487 2198 curie
511 2134 698 2208 discuciens,
722 2155 780 2215 per
800 2133 984 2216 pristaldunr
1008 2135 1134 2196 nomine
1157 2135 1256 2201 nosos

227 2246 324 2311 unum
345 2247 490 2308 Bochde
512 2245 585 2309 uilla
599 2248 668 2308 Pan
688 2245 772 2308 misit
794 2265 847 2308 eus
870 2245 910 2306 ad
934 2244 1161 2308 exercenterri
1182 2265 1256 2308 can·

224 2358 326 2424 dentis
347 2357 549 2429 Ueredinunr,
580 2357 633 2420 ubi
655 2357 810 2438 pacificati
832 2364 921 2430 sunt,
947 2353 1063 2418 iudicia
1079 2356 1118 2418 ,in
1139 2357 1255 2438 quibus

224 2479 333 2534 mutire
347 2469 406 2532 sibi
420 2471 608 2533 tenebantur
622 2470 759 2534 inuicem
778 2469 837 2532 sibi
853 2470 981 2532 omnino
995 2465 1203 2551 indulgentes,
1224 2479 1256 2534 et

223 2583 319 2645 telem
334 2589 368 2645 te
382 2590 468 2646 terre
481 2581 624 2644 iecerunt
639 2580 906 2656 conuenciauem,
928 2581 1014 2662 quud
1029 2588 1145 2643 terram
1159 2599 1259 2662 quam

225 2693 403 2755 nominatus
418 2692 528 2754 Petrus
547 2691 746 2771 requirebat,
765 2691 1039 2771 remisitpredicto
1054 2691 1210 2754 sacerdoti
1223 2699 1256 2754 et

225 2803 365 2886 cognatis
387 2803 455 2870 eins
478 2801 666 2864 memoratis.
694 2803 842 2864 sacerdus
864 2810 969 2866 eutem
991 2811 1022 2865 et
1041 2802 1167 2884 cognati
1187 2802 1254 2863 eius

225 2915 384 2981 dederunt
403 2913 433 2974 ei
455 2931 550 2974 unam
570 2928 718 2978 meream.
738 2911 834 2974 iudici
850 2919 955 2976 autem
970 2919 1001 2974 et
1015 2911 1167 2992 pristaldc
1181 2929 1257 2974 cun-

225 3033 382 3090 uenerunt
396 3023 488 3087 simul
502 3023 696 3085 satisfacere.
1197 3075 1215 3084 a.

309 3135 394 3218 (339)
414 3135 537 3198 Rodum
560 3133 841 3215 consequendam
859 3135 986 3196 nemine
1003 3134 1143 3203 Chebenr
1163 3135 1256 3202 aresti

224 3249 260 3312 in
271 3265 400 3312 causam
415 3265 520 3309 coram
532 3245 660 3314 ¹,arbitris
674 3243 897 3328 parochitanis,
918 3243 1037 3308 scilicet
1050 3245 1161 3321 Adam,
1181 3245 1257 3309 Fan·

228 3360 348 3422 casium
363 3359 516 3422 decanum
537 3366 569 3420 et
582 3360 727 3431 Zeunuc,
749 3357 856 3420 dicens
872 3355 958 3437 qued
980 3375 1077 3420 unum
1090 3355 1257 3438 ieuhagio·
1306 3369 1323 3382 ‘

154 3476 157 3481 ’
227 3491 302 3534 nem
323 3491 413 3533 suum
435 3469 619 3548 occidisset,
640 3479 672 3532 et
685 3469 780 3534 alium
796 3466 966 3532 crudeliter
980 3468 1176 3550 flagellasset.
1203 3467 1257 3550 qui
1378 3455 1382 3462 ’

229 3584 336 3648 Cheba
355 3603 427 3646 cum
450 3581 585 3664 parcentis
606 3583 732 3649 illorum
747 3581 944 3663 exigentibus
958 3579 1021 3642 hcc
1035 3580 1081 3642 eis
1096 3599 1130 3642 sc
1143 3580 1257 3642 fecisse

228 3695 431 3768 affirmasset,
453 3694 588 3775 predicti
603 3695 710 3758 arbitri
724 3695 878 3758 miserunt
899 3699 1064 3773 utramque
1082 3701 1203 3772 partam
1217 3691 1258 3754 ad

228 3827 360 3871 mamea
379 3806 455 3868 terri
478 3805 642 3868 candentis
657 3803 862 3874 Uaradiuum,
883 3801 937 3863 ubi
952 3801 1049 3866 humo
1070 3803 1184 3865 Bedun
1203 3819 1257 3861 ee·
1317 3821 1319 3826 ’
1355 3843 1358 3853 ι

226 3919 309 3984 mitis
323 3926 448 4001 porteto
462 3917 548 3982 ferre
562 3914 745 3984 iustificatus
760 3921 817 3978 est.
1239 3961 1242 3968 .

309 4029 398 4114 (31⁸0)
418 4031 472 4094 Usi
487 4025 767 4112 procuratorene
780 4025 958 4106 Seaiduhag
978 4016 1178 4090 suscitante
1198 4039 1257 4100 nus

227 4142 499 4208 Putened-etidih
515 4159 561 4204 ex
579 4157 643 4202 una
657 4145 758 4222 parte:
779 4136 952 4210 Andreem,
973 4130 1175 4205 michaelem,
1193 4132 1259 4196 Be

228 4256 330 4332 dem,
342 4256 505 4329 :Santram
525 4253 669 4336 Hercep,
690 4249 883 4326 Gabrielem,
903 4250 1022 4322 Buten,
1036 4245 1169 4320 Tekem,
1181 4243 1259 4344 Sce-
