2904 4754
270 385 334 459 iil
363 403 555 456 ennam.
568 403 839 455 meermanni
853 405 1007 464 eminere
1022 405 1192 464 termene.
1214 389 1305 465 tert.

274 575 334 624 nee
353 556 393 623 dc
414 574 571 623 concensu
594 553 679 638 regio
701 563 732 620 et
753 555 881 639 regine,
902 575 964 640 quc
988 555 1017 624 ei
1043 557 1095 623 uel
1124 559 1305 634 cendunt

273 669 327 732 nel
341 667 541 741 alienauerit,
561 687 620 749 pro
640 685 705 728 non
723 667 857 732 uenditis
880 669 933 734 uel
954 667 1097 732 alienatis
1117 669 1305 746 habeamur.

358 781 435 855 (18)
455 780 551 854 item,
583 779 668 862 qnod
690 779 862 862 epiecopus
890 779 969 846 nulli
998 779 1136 846 decimae
1163 781 1304 848 relaxare

274 892 374 978 possit
397 893 430 954 in
453 891 578 974 specie,
611 909 669 954 nec
695 909 791 956 cause
813 891 1006 974 malignandi
1034 913 1094 974 por
1116 893 1305 972 ambicioaoa

275 985 444 1070 sceleratos
463 1001 559 1066 laicos
574 1008 683 1064 contra
697 1001 861 1065 ecclesiam
882 1001 1023 1086 regalem
1035 1003 1228 1080 inueniatur,
1247 1007 1306 1070 ced

275 1115 326 1178 cui
340 1112 477 1181 uoluerit
488 1113 574 1176 idem
587 1112 764 1194 epiecopus,
786 1120 896 1176 exacta
909 1113 1042 1194 pecunia
1051 1113 1216 1190 decimali,
1230 1137 1306 1197 pro·

274 1226 397 1300 uideat,
412 1225 573 1308 quomodo
588 1221 682 1302 ualet
702 1222 759 1306 qui
773 1223 961 1290 relaaaucrit
974 1225 1142 1310 inspecie,
1160 1227 1305 1311 indigne.

275 1337 398 1405 cionem
421 1337 473 1402 dei
493 1335 715 1418 omnipotentis
738 1343 769 1397 et
788 1343 968 1398 sanctorum
991 1355 1101 1418 regum
1122 1358 1158 1400 se
1179 1341 1305 1406 nouerit

274 1451 483 1516 incursurum.

358 1561 547 1643 Quicunque
570 1580 644 1644 ergo
664 1568 843 1626 nostrorum
861 1579 971 1644 regum
992 1579 1230 1638 successorum,
1249 1565 1304 1628 ba·

275 1695 389 1742 conum
404 1672 643 1746 narrantium,
664 1674 880 1756 cuiuscunque
895 1673 1128 1755 preeminencie
1146 1675 1302 1758 dignitatis

276 1789 428 1860 existent,
450 1788 489 1850 de
505 1783 649 1848 omnibns
672 1786 831 1870 premissis
853 1786 991 1850 articulis
1006 1785 1059 1848 uel
1073 1805 1183 1878 eornm
1199 1789 1304 1872 sinque

275 1899 314 1964 lie
329 1897 447 1978 aliquid
462 1897 688 1978 quoquomodo
703 1897 891 1972 immutares
907 1897 1099 1972 diminuere,
1114 1917 1172 1963 sen
1186 1919 1302 1982 negare

275 2006 496 2093 presumserit,
516 2006 595 2070 iram
609 2015 642 2070 et
654 2007 907 2090 indignacionem
926 2008 1025 2090 ipsine
1039 2009 1091 2073 dei
1105 2012 1305 2094 omnipotens

275 2119 315 2182 tis
336 2128 369 2181 et
388 2137 499 2200 regum
519 2127 699 2196 sanctorum
720 2117 862 2182 similitor
887 2137 922 2182 se
947 2119 1071 2184 nouerit
1092 2119 1305 2194 incursurum.

275 2230 406 2314 insuper
419 2230 565 2304 barones,
586 2229 729 2310 deposita
742 2229 911 2312 dignitate,
927 2237 960 2294 et
973 2229 1095 2298 nobiles
1108 2231 1150 2295 de
1162 2233 1301 2314 ipsorum

275 2342 367 2408 bonis
388 2341 655 2416 exhereditentur,
676 2359 812 2424 quorum
835 2341 989 2411 bonorum
1010 2342 1077 2406 dne,
1090 2351 1201 2428 partes
1220 2344 1304 2428 regie

275 2451 352 2518 fiseo
377 2451 584 2534 applicentur,
612 2449 711 2515 tercia
737 2460 826 2534 perte
852 2452 1002 2536 episeopo
1026 2463 1243 2536 permanente.
1271 2456 1303 2526 in

277 2563 365 2626 coins
379 2561 426 2625 rei
441 2562 623 2628 memoriam
642 2599 684 2612 --
701 2595 744 2614 -·
764 2599 804 2614 --
825 2564 930 2642 datum
957 2585 1015 2648 per
1036 2585 1149 2630 manns
1171 2569 1304 2649 predicti

276 2675 318 2738 M.
333 2673 496 2737 Benedicti
518 2674 670 2764 prepositi
685 2673 870 2741 Orodieusie
891 2677 962 2747 aule
983 2685 1092 2746 nostre
1108 2678 1303 2750 nicecaneel-

271 2786 362 2868 larii,
394 2779 507 2854 otene
523 2795 553 2850 at
574 2785 677 2858 fidelia
702 2788 811 2853 nostri.
849 2807 933 2853 enno
961 2787 1080 2864 domini
1107 2789 1301 2856 Mcctxxt.

275 2885 366 2980 requi
379 2904 484 2963 autem
498 2898 598 2965 nostri
614 2918 694 2963 anno
709 2898 859 2965 necundo.
1305 2929 1307 2934 ·
