2924 4758
436 1077 580 1146 INCIPIT
605 1081 723 1143 LIBER
744 1075 954 1142 SECUNDUS.

260 1363 284 1423 1.
327 1361 371 1424 ue
384 1361 478 1440 capati
494 1360 557 1420 dote
572 1360 612 1420 cd
623 1360 783 1422 ecclesiam.
821 1359 937 1420 Decem
952 1357 1026 1419 uilIc
1042 1357 1209 1422 ecclesiam

176 1473 344 1547 edificent,
365 1491 461 1555 quam
482 1471 605 1534 duobus
627 1471 743 1532 mansis
765 1469 958 1552 totidemque
975 1470 1136 1551 mancipiis
1152 1469 1210 1532 do-

178 1595 264 1659 tent,
286 1593 369 1666 equo
389 1592 422 1646 et
442 1583 591 1655 iumento,
612 1601 667 1644 sex
689 1581 791 1644 bubus
815 1590 846 1644 et
868 1581 989 1642 duabus
1010 1581 1132 1653 naccis,
1153 1581 1209 1644 tri-

179 1697 266 1780 ginta
287 1694 412 1757 minutis
433 1693 557 1756 hestiis„
578 1693 767 1756 uestimenta
788 1711 866 1756 uero
883 1700 914 1754 et
931 1691 1130 1774 coopertoria
1151 1713 1208 1754 rex

179 1809 362 1892 prouidus-at,
384 1807 594 1888 presbiterum
612 1813 644 1868 et
656 1805 752 1868 libros
767 1805 919 1886 episcopi·

263 1920 300 1980 II.
341 1919 385 1980 ue
402 1920 612 1982 successoribus,
627 1919 769 1996 cepaticum
788 1919 999 1995 beneficiorum.
1043 1916 1210 1980 Consensi·

179 2053 249 2095 mus
270 2031 365 2114 igitur
387 2031 537 2113 peticioni
559 2030 660 2092 tocius
682 2038 826 2104 senatus,
847 2038 881 2090 nt
901 2029 1117 2112 unusquisqne
1136 2051 1210 2114 prn-

180 2146 321 2229 priorum
336 2144 427 2208 simul
442 2152 476 2206 at
488 2145 643 2206 donorum
659 2141 740 2224 regis
756 2142 944 2215 dominetur,
963 2142 1038 2204 dum
1051 2142 1141 2217 uiuit,
1156 2163 1210 2204 ex·

177 2267 274 2338 cepto
288 2257 377 2344 quod
390 2258 430 2320 ad
445 2256 662 2338 episcopatum
676 2253 814 2336 pertinet
829 2262 862 2316 et
874 2253 1065 2316 comitatum.
1089 2273 1124 2316 ac
1139 2262 1211 2334 post

182 2369 302 2430 obitum
324 2367 390 2430 eius
410 2367 465 2430 filii
489 2367 581 2428 simili
604 2365 743 2430 dominio
764 2365 943 2430 succedant.
973 2385 1032 2428 nec
1045 2385 1103 2448 pro
1118 2365 1210 2428 ullius

181 2499 279 2544 causo
299 2487 404 2544 reatus
420 2479 641 2544 detrimentum
656 2479 812 2540 bonorum
827 2495 957 2538 suorum
971 2476 1114 2558 paciatur
1131 2477 1211 2558 quiS,

180 2591 242 2660 nisi
256 2590 435 2654 consiliatus
450 2598 583 2655 mortem
605 2589 690 2672 regis
704 2597 759 2650 aut
772 2587 979 2652 tradicIuncm
994 2588 1083 2672 regni
1098 2589 1211 2664 fuerit,

173 2703 236 2770 ,uel
255 2704 290 2764 in
311 2703 404 2766 aliam
427 2703 543 2784 fugerit
563 2701 772 2783 prouinciam.
798 2709 872 2766 tunc
892 2721 969 2764 uero
983 2702 1066 2764 bona
1081 2702 1163 2766 itlius
1178 2702 1212 2764 in

182 2815 303 2898 regiam
327 2815 456 2877 ueniant
479 2823 677 2896 potestatem.
700 2821 761 2876 ,ast
782 2813 808 2875 si
827 2813 896 2894 quis
916 2815 949 2876 in
971 2813 1102 2878 consilio
1123 2813 1211 2896 regie

182 2927 292 2989 mortis
308 2935 362 2990 aut
376 2925 556 2990 tradicionis
576 2926 665 3007 regni
686 2925 830 3006 legaiiter
844 2925 1000 2986 inuentus
1013 2925 1122 2998 fuerit,
1141 2925 1211 3006 ipse

182 3057 262 3102 uero
289 3036 412 3118 capitali
438 3036 600 3125 subiaceat
626 3035 803 3108 sentencie,
831 3035 913 3098 bona
933 3055 1010 3098 uero
1034 3035 1117 3098 itlius
1139 3033 1210 3099 tiliis

183 3149 403 3212 innocentibus
424 3148 578 3210 inremoto
593 3146 670 3220 sint,
692 3144 928 3210 remanentibus
943 3145 1049 3210 saluis.

168 3326 172 3332 ¹
220 3313 224 3317 .
266 3261 316 3324 III.
359 3261 402 3322 ue
416 3262 506 3323 seruis
520 3272 709 3323 attentorum
724 3261 906 3322 occisorium.
952 3259 984 3322 Si
1000 3259 1130 3323 uIicqus
1146 3282 1212 3324 ser-

183 3387 244 3436 uus
259 3393 386 3436 seruum
402 3371 529 3436 alterius
544 3369 707 3444 occiderit,
721 3369 826 3434 senior
841 3370 996 3435 homicide
1010 3372 1212 3436 medictatem

185 3483 269 3548 serui
293 3465 460 3566 componat
484 3481 601 3545 seniori
621 3481 791 3556 interiecti,
821 3483 847 3546 si
867 3491 981 3564 potest.
1017 3483 1065 3571 sin
1090 3491 1212 3559 autem,

184 3606 311 3679 peracta
326 3618 387 3661 una
403 3595 660 3678 quadragesima,
676 3595 886 3658 uenumdetur
900 3615 1010 3658 seruus
1026 3606 1057 3660 et
1071 3597 1212 3678 precium

185 3709 352 3772 diuidatur.
531 3703 533 3710 ’

266 3821 318 3882 IV.
359 3819 403 3882 Dc
426 3822 601 3882 tibcrucioua
623 3819 760 3882 eiusdem.
804 3819 938 3882 Seruum
964 3820 1055 3884 liberi
1079 3821 1213 3884 homici-

185 3932 273 4004 dam,
294 3931 320 3992 si
342 3930 458 3994 seniori
479 3930 648 4012 placuerit,
671 3949 742 3993 cum
757 3937 883 3993 centum
899 3938 931 3993 et
944 3932 1055 3996 decem
1069 3932 1212 3996 iuuencis

184 4050 239 4106 aut
251 4043 400 4117 redimat,
422 4045 476 4108 aut
489 4043 602 4106 tradat.

244 4227 249 4231 ¹
266 4155 304 4216 V.
346 4156 390 4216 De
405 4157 534 4218 libertate
547 4173 709 4217 sucorum.
754 4155 786 4217 Si
801 4155 872 4238 quis
883 4154 994 4219 alienis
1006 4155 1106 4220 seruis
1117 4154 1213 4218 Iiber-

183 4276 281 4338 tatem
295 4267 458 4355 acquirere
473 4267 589 4346 nititur,
604 4274 682 4358 quot
695 4267 780 4334 serui
794 4275 900 4348 eruut,
913 4268 1045 4335 totidem
1058 4268 1213 4356 mancipia
