2904 4754
316 420 466 470 uerrunt
486 423 557 470 um
576 423 650 470 mu
671 402 858 470 scn'arcms.
899 403 989 469 tt'ts.
1106 405 1168 470 ter

122 596 195 644 uos
215 578 323 660 itaque
344 575 398 659 qtri
419 575 571 640 debonis
592 575 683 657 regni
705 583 743 638 et.
757 575 942 638 utilitatibus
964 573 1168 657 gratulamur}

126 689 278 774 ipsorum
299 685 494 770 peticionem
510 686 640 760 iustum,
660 693 701 748 ‘eo
717 685 976 768 quodpremisse
998 685 1068 748 iure
1084 686 1169 748 neris

130 806 167 862 et
180 798 328 882 legitimis
345 778 527 860 rucinnulos
543 796 765 870 tumulantur,
786 795 966 860 admisimus
977 796 1084 860 debito
1095 779 1168 860 com

131 912 265 973 effectu.

220 1021 280 1095 (1)
300 1018 457 1082 Primum:
478 1018 653 1087 secondum
673 1061 840 1081 ........
856 1019 1054 1100 pristeldmn,
1076 1039 1170 1082 suum

131 1131 407 1214 consanguineum
430 1139 462 1193 et
481 1137 663 1212 cognatum,
691 1139 746 1193 unt
765 1131 971 1204 seruientem,
1001 1138 1055 1194 aut
1076 1151 1169 1194 soum

132 1241 351 1330 parochialem
380 1243 578 1304 sacerdotem
606 1259 664 1323 pro
686 1242 872 1304 testimonio.
894 1243 1036 1324 recipere
1063 1243 1168 1306 nullos

132 1355 244 1438 possit.
1252 1331 1256 1338 ’

219 1467 279 1541 (2)
301 1467 351 1530 td
363 1465 422 1528 hec
437 1465 463 1526 si
478 1465 559 1527 aetio
573 1465 628 1528 lint
641 1465 674 1527 in
689 1465 887 1546 presenciam
901 1473 1056 1540 nostrum,
1077 1465 1168 1549 quin·

134 1579 219 1642 dene
231 1577 294 1640 diei
306 1576 450 1651 actionis,
464 1576 491 1638 si
506 1595 583 1638 uere
596 1577 628 1638 in
643 1577 809 1658 presencia
822 1583 1002 1640 nostrorum
1016 1577 1167 1651 iudicum,

134 1690 221 1754 actio
235 1689 329 1754 debet
341 1707 400 1771 pro
415 1687 539 1752 termini
561 1731 735 1750 ........
757 1688 782 1750 si
798 1695 886 1750 ector
899 1689 999 1772 primo
1014 1685 1168 1753 certifice-

134 1801 237 1866 cioois
256 1801 361 1864 edicto
383 1801 416 1864 iu
437 1799 498 1864 litis
518 1801 635 1864 iudicio
655 1819 712 1864 sue
727 1801 917 1883 exprimeret
935 1801 1105 1876 actionem,
1125 1820 1166 1864 ue

133 1913 225 1979 locos
245 1913 408 1976 frondibus
429 1921 624 1987 reseroetor,
644 1919 676 1976 et
694 1912 721 1974 si
734 1921 911 1976 conuentus
931 1915 963 1975 in
984 1914 1086 1995 primo
1101 1931 1166 1976 non

136 2025 347 2107 comparuerit
365 2023 511 2098 termino,
535 2023 591 2084 XL
612 2023 814 2086 decuriorum
841 2023 959 2086 iudicio
983 2025 1166 2088 subiacebit.

134 2157 195 2220 pro
217 2143 394 2200 ceterorum
418 2154 498 2197 uero
519 2133 762 2197 obmissiooihus
786 2136 991 2198 terminorum
1016 2145 1168 2198 consuete

133 2247 250 2311 iudicia
264 2248 354 2330 regni
370 2245 505 2308 soluere.

215 2359 272 2434 (3)
293 2359 371 2421 ltem
387 2359 498 2422 citatos
513 2357 545 2419 in
557 2377 652 2420 cause
666 2356 984 2440 possessionis-lorti,
999 2356 1168 2435 nioleocie,

130 2469 293 2534 hom'midii
307 2478 361 2532 aot
374 2468 580 2544 infidelitatis,
601 2469 628 2531 si
644 2469 850 2551 personaliter
864 2469 917 2533 uel
930 2492 989 2554 per
1003 2471 1166 2535 hominem

132 2571 222 2648 suum
238 2583 467 2664 comparuerit,
485 2582 650 2663 responsio
665 2583 876 2665 peremptorie
890 2583 958 2648 siue
973 2583 1079 2646 iudicii
1093 2605 1165 2668 gre·

131 2713 245 2756 numen
269 2713 370 2775 usque
399 2693 438 2754 od
463 2692 632 2775 septimum
656 2694 825 2758 tendinum
850 2693 965 2756 debeat
988 2675 1171 2777 prorogari,

131 2804 316 2887 eucepoione
339 2802 504 2866 cuiuslibet
533 2802 659 2866 termini
688 2804 867 2885 quindecim
897 2805 1020 2867 dierum
1048 2805 1165 2868 iudicio

131 2915 348 2980 obtererentur.
379 2915 431 2978 uel
454 2932 511 2998 pro
535 2923 658 2998 septem
682 2915 792 2978 edictis
816 2933 878 2997 que
903 2915 1042 2998 legitime
1064 2915 1164 2996 recipi

132 3036 274 3111 possent,
292 3045 375 3090 unos
390 3026 543 3090 terminus
557 3025 788 3108 peremptorius
804 3025 992 3108 assignetur,
1006 3033 1037 3088 et
1051 3025 1078 3088 si
1093 3026 1163 3110 quis

131 3140 163 3202 io
175 3138 341 3222 premissis
362 3137 487 3200 casibus
508 3139 541 3199 in
561 3137 695 3220 septime
711 3137 845 3199 termino
860 3155 926 3198 non
939 3138 1164 3218 comparuerit,

132 3250 226 3327 iudex
247 3249 281 3312 io
304 3257 415 3312 octauo
438 3248 581 3312 termino
594 3247 720 3332 publice
741 3247 836 3312 societ
849 3249 1054 3332 proclamari,
1076 3251 1162 3331 quod
1233 3330 1237 3340 ,

133 3381 204 3426 reus
226 3361 288 3424 iuri
312 3378 422 3442 perere
444 3361 574 3435 debent,
595 3379 692 3444 quare
714 3360 747 3422 in
768 3360 925 3444 prioribus
938 3361 1080 3426 terminis
1097 3381 1162 3426 nou

135 3471 357 3554 comparuerit,
390 3478 575 3534 ostensurus
600 3470 713 3534 iustum
738 3481 770 3536 et
792 3472 966 3556 legitimum
991 3473 1162 3538 melonem.
1236 3531 1238 3537 ,

134 3583 227 3667 quisi
241 3583 343 3646 eoum
361 3589 436 3646 tuoe
451 3601 485 3646 se
500 3583 730 3658 montanerit,
752 3593 839 3646 ector
853 3585 991 3650 mittetur
1006 3603 1102 3650 causa
1114 3586 1161 3650 rei

133 3695 317 3758 summensis
337 3695 370 3756 in
393 3695 626 3776 possessiouem
645 3695 849 3769 ceetomucis,
871 3715 928 3778 pro
943 3696 1039 3758 modo
1054 3695 1161 3760 delicti

132 3803 183 3867 ml
195 3801 342 3871 nometi
354 3807 387 3868 in
400 3803 463 3870 litis
476 3805 594 3868 indicio
607 3805 768 3870 decimati.
874 3831 888 3850 .·

210 3914 272 3990 (lt)
290 3915 441 3980 l’retcrec
454 3915 481 3980 si
495 3916 566 3998 quis
579 3916 733 3999 pristaldc'
746 3917 973 3981 contradixerit
986 3917 1038 3981 uel
1049 3931 1173 3981 maou-'

131 4023 190 4088 lesu
211 4025 365 4092 obiecerit
386 4026 545 4102 tusttutts,
566 4027 592 4090 si
612 4027 716 4110 ipsum
735 4027 876 4112 legitime
891 4028 1081 4092 concinuere
1095 4041 1172 4090 nrm⁴

132 4137 245 4221 possit,
265 4137 369 4202 scluet
388 4157 451 4222 pro
460 4137 580 4204 iudicis
593 4157 735 4204 mercem
746 4148 853 4204 untm.
870 4139 957 4230 ¹item
971 4141 997 4204 si
1011 4141 1160 4224 quis-pri-

84 4283 85 4287 =
134 4247 266 4318 malm
278 4251 496 4317 ueternum
509 4250 562 4316 uel
574 4249 734 4315 hominem
745 4249 872 4334 capituli
883 4251 989 4314 datum
1002 4264 1060 4333 pro
1070 4251 1160 4316 testi-

868 4351 909 4414 85
