2920 4758
291 445 351 508 tic
475 465 605 509 saonen
627 463 659 508 u.
680 463 770 508 arcis
792 455 959 507 nucrercu
979 463 1000 506 r.
1043 441 1133 506 lm

287 622 356 681 tur:
380 619 405 680 si
425 627 497 681 suut
518 617 621 700 alique
642 615 753 679 collate
776 615 827 678 uel
849 614 996 688 uendite,
1026 611 1144 697 populo
1163 615 1252 697 regni
1274 617 1316 678 ad

235 733 237 744 '
289 729 510 792 redimendum
525 729 707 791 reddantur.

372 841 451 914 (27)
481 837 661 901 Mardurine
688 839 775 901 iuxta
804 837 1063 902 consuetudinem
1099 857 1118 900 a
1147 837 1318 900 Colamauo

288 970 364 1032 rege
387 949 586 1012 constitutam
608 951 780 1014 soluantur.

374 1061 454 1137 (28)
481 1061 608 1144 Siquis
639 1063 752 1124 ordine
773 1063 937 1126 iudiciario
963 1061 1058 1125 fuerit
1082 1061 1318 1138 condemnatus,

289 1172 392 1234 nullus
409 1181 570 1254 potentum
586 1174 686 1255 possit
701 1193 773 1235 eum
789 1173 971 1237 defendere.

372 1285 450 1360 (29)
473 1283 608 1346 Comites
624 1284 692 1348 iure
708 1284 872 1347 comitatus
894 1288 941 1348 sui
956 1293 1076 1347 tantum
1091 1284 1244 1359 fruantur,
1267 1305 1318 1348 ce-

291 1406 359 1461 tera
373 1397 412 1457 ad
427 1417 534 1479 regem
550 1396 755 1478 pertinencia,
767 1397 886 1460 scilicet
897 1395 1065 1472 citationes,
1079 1398 1206 1471 tributa,
1219 1398 1317 1460 boues

292 1518 324 1572 et
339 1511 415 1572 duas
433 1518 535 1590 partes
552 1517 724 1572 castrorum
739 1529 796 1570 rex
811 1507 961 1571 obtineat.

373 1621 452 1696 (30)
474 1621 550 1683 Item
567 1618 742 1702 preterbos
754 1628 889 1701 quatuor
898 1619 1092 1702 iobagicues,
1103 1619 1224 1683 scilicet
1235 1621 1318 1702 pala·

289 1711 407 1805 tinum,
436 1734 567 1804 barrum,
597 1731 727 1794 comites
755 1730 889 1797 curiales
917 1731 1001 1815 regis
1030 1740 1061 1795 et
1086 1733 1213 1814 regine,
1242 1733 1316 1794 duas
1378 1704 1383 1722 .

291 1842 458 1924 dignitates
474 1840 577 1904 nullus
593 1849 710 1905 teneat.

372 1953 454 2028 (31)
475 1953 522 2044 Et
535 1961 568 2016 ut
587 1953 649 2017 bec
670 1962 777 2018 nostra
792 1961 854 2018 tam
870 1953 1032 2017 concessio
1048 1973 1141 2035 quam
1156 1954 1317 2017 ordinacio

290 2065 330 2127 sit
350 2065 461 2126 nostris
483 2073 727 2145 nostrorumque
748 2042 968 2127 'successorum
983 2062 1178 2145 temporibus
1199 2064 1232 2125 iu
1247 2082 1318 2145 per-

290 2183 420 2258 petuum
443 2175 589 2249 ualitura,
612 2195 681 2238 eam
704 2175 859 2238 conscribi
880 2175 1013 2240 fecimus
1033 2176 1066 2236 in
1086 2183 1207 2257 septem
1231 2175 1317 2257 paria

289 2287 460 2362 literarum,
476 2296 507 2350 et
521 2307 618 2350 aureo
634 2287 735 2369 sigillo
750 2295 858 2349 nostro
872 2285 1033 2350 roborari:
1055 2288 1108 2362 ita,
1122 2289 1207 2368 quod
1221 2307 1317 2350 unum

290 2419 347 2480 par
362 2399 500 2460 mittatur
513 2397 648 2459 Domino
671 2417 753 2479 pape
777 2405 806 2459 et
821 2397 888 2479 ipse
904 2397 937 2458 in
952 2407 1078 2480 regesto
1092 2417 1150 2459 suo
1165 2397 1260 2459 scribi
1274 2397 1320 2460 fa-

291 2511 368 2572 ciat:
391 2511 566 2571 secundum
583 2527 680 2591 penes
694 2509 864 2590 hospitale:
891 2509 1024 2572 tercium
1041 2529 1137 2592 penes
1152 2507 1318 2590 templum:

291 2628 434 2702 quartam
457 2621 540 2702 apud
562 2639 693 2701 regem:
717 2619 860 2700 quintum
881 2619 914 2680 in
936 2619 1073 2701 capitulo
1097 2619 1318 2701 strigoniensi:

277 2721 414 2794 ¹sertum
436 2731 467 2792 in
484 2729 665 2793 Colcccnsi:
687 2731 856 2812 septimum
878 2731 961 2812 apud
983 2729 1172 2811 palatinum,
1195 2731 1249 2813 qui
1265 2751 1320 2812 pro

290 2851 434 2923 tempore
458 2841 567 2932 fuerit,
594 2849 787 2905 reseruetur.
824 2841 882 2915 ita,
904 2843 989 2924 quod
1010 2842 1110 2923 ipsam
1132 2841 1321 2922 scripturam

290 2976 347 3036 pre
369 2955 466 3017 oculis
486 2975 612 3036 semper
634 2952 766 3028 habens,
787 2973 845 3017 uec
865 2953 933 3036 ipse
949 2953 1056 3016 deiciet
1076 2953 1108 3014 in
1128 2953 1234 3034 aliquo
1250 2967 1321 3034 prc-

290 3062 463 3139 dictoram,
492 3083 550 3126 nec
572 3083 696 3145 regem,
720 3065 771 3126 uel
792 3065 931 3137 nobiles,
953 3083 1008 3125 seu
1032 3063 1111 3126 alios
1129 3064 1319 3126 consenciat

291 3177 437 3251 deniare,
458 3183 492 3238 ut
507 3187 538 3238 ct
555 3175 790 3256 'ipsi'gaudcant
804 3194 861 3236 sua
875 3173 1034 3249 libertate,
1059 3193 1095 3237 ac
1117 3182 1244 3256 propter
1260 3173 1320 3236 boc

291 3279 380 3350 nobis
401 3295 432 3350 et
455 3283 689 3348 successoribus
718 3301 843 3365 semper
868 3285 1003 3349 existant
1020 3285 1131 3349 fideles
1151 3294 1183 3348 et
1202 3305 1319 3348 corone

290 3399 377 3479 regie
394 3397 546 3479 obsequia
561 3396 665 3460 debita
681 3415 745 3457 non
759 3405 922 3478 negentur.
945 3399 1030 3478 quod
1051 3398 1077 3458 si
1098 3417 1174 3460 uero
1189 3417 1246 3458 uos
1268 3395 1321 3458 uel

290 3510 401 3590 aliquis
423 3527 638 3571 successorum
660 3515 856 3580 nostrorum,
879 3507 983 3590 aliquo
1013 3527 1151 3591 unquam
1175 3515 1320 3588 tempore

290 3596 363 3684 huic
385 3607 586 3702 disposicioni
611 3627 719 3683 nostre
743 3619 897 3684 contraire
923 3621 1075 3696 uoluerit,
1107 3621 1238 3684 liberam
1263 3619 1320 3680 ba-

289 3733 385 3794 beant
405 3731 515 3793 harum
538 3731 744 3806 authoritate,
773 3730 841 3795 sine
868 3739 941 3794 nota
962 3731 1092 3794 alicuius
1113 3730 1320 3803 infidelitatis,

290 3850 353 3906 tam
374 3843 531 3923 episcopi,
553 3861 647 3924 quam
668 3843 718 3904 alii
737 3841 921 3924 iobngiones
944 3861 980 3905 ac
999 3841 1122 3904 nobiles
1141 3840 1232 3922 regni
1252 3839 1322 3900 uni·

289 3953 373 4016 uersi
389 3962 418 4016 et
434 3948 566 4034 singuli,
586 3961 750 4034 presentes
773 3961 804 4015 et
825 3951 934 4026 futuri,
955 3952 1138 4033 posterique
1152 3949 1322 4013 resistendi

291 4073 322 4128 ct
344 4061 578 4126 contradicendi
595 4063 686 4125 nobis
709 4063 877 4127 ctuostris
901 4061 1137 4128 successoribus
1158 4061 1191 4126 fn
1206 4081 1322 4145 perpe—

290 4183 379 4240 tuum
393 4174 582 4236 facultatem.

302 4269 307 4273 ⁵
369 4288 482 4354 Datum
501 4307 559 4372 per
576 4306 687 4353 manus
707 4287 803 4365 Cleti,
823 4288 894 4356 aulo
913 4295 1021 4356 nostre
1043 4285 1237 4366 cancellarii,
1257 4286 1324 4372 Ag·
