2920 4758
630 1071 807 1154 llllllllll
832 1071 863 1153 ll
899 1069 1020 1152 ttttls

569 1244 1085 1334 lURAMENTUlll

811 1419 850 1460 uu

314 1537 588 1602 REFORlllANDO
604 1538 738 1600 REGNO
753 1540 792 1600 ΙΝ
807 1537 923 1600 SILVA
938 1535 1069 1598 BEREG
1090 1529 1322 1596 PllAESTlTUll.

722 1677 935 1740 Mccxxxrl.

615 1849 637 1899 Ε
657 1853 760 1912 regesto
779 1847 900 1899 tabularii
913 1845 1041 1897 Vaticani.

731 2002 937 2014 n—-n—nu—-n

397 2108 495 2172 Vobis
518 2108 643 2171 domine
664 2109 792 2182 lacobe,
822 2109 1004 2170 Prenestine
1023 2105 1140 2179 electe,
1170 2105 1329 2188 apostolice

314 2219 398 2282 sedis
412 2220 532 2302 legate,
554 2219 623 2282 uice
647 2228 678 2282 et
692 2220 819 2282 nomine
835 2221 974 2282 Romane
998 2217 1130 2280 ecclesie
1152 2225 1183 2280 et
1203 2217 1331 2279 omnium

315 2332 519 2396 ecclesiarum
540 2331 684 2412 Ungarie.
712 2351 770 2392 nos
790 2331 930 2392 Andreas
953 2351 1010 2392 rex
1027 2330 1187 2412 Huugarie
1206 2329 1333 2392 iuramus

315 2445 355 2505 ad
376 2453 482 2506 sancta
497 2443 548 2504 dei
568 2441 748 2524 euangelia,
770 2443 875 2506 omnia
897 2451 929 2505 et
947 2440 1071 2522 singula
1093 2441 1228 2520 capitula
1248 2439 1335 2501 inira·

315 2556 430 2634 scripta
450 2555 634 2628 obseruare,
655 2563 828 2620 statuentes
843 2575 882 2617 ea
901 2575 918 2616 a
932 2554 1003 2616 liliis
1020 2553 1134 2616 nostris
1150 2561 1181 2616 et
1196 2573 1215 2614 a
1229 2551 1335 2615 nostris

314 2664 550 2726 successoribus
569 2666 602 2726 in
624 2673 811 2746 perpetuum
835 2665 997 2727 obseruari
1019 2659 1052 2726 et
1069 2664 1102 2726 in
1118 2663 1204 2725 nullo
1221 2672 1336 2724 contra·

313 2777 445 2850 uenire,
466 2794 653 2860 quacunque
669 2777 853 2852 occasione,
876 2777 928 2839 uel
944 2777 1088 2840 fraudem
1103 2776 1297 2849 committere
1309 2774 1336 2834 in

315 2888 377 2961 eis,
395 2869 475 2970 ¹quin
489 2887 579 2960 fiant,
600 2889 681 2950 sicut
701 2888 830 2950 inferius
847 2887 1057 2950 continentur.
1089 2897 1119 2950 et
1134 2889 1337 2968 precipiemus

315 3000 458 3061 omnibus
482 3000 612 3062 subditis
636 2999 751 3062 nostris
775 3000 808 3062 in
827 3020 927 3082 regno
949 3009 1068 3073 nostro,
1090 3001 1175 3082 quod
1191 3001 1296 3060 omnia
1311 3005 1338 3060 et

315 3111 438 3193 singula
463 3113 641 3176 ohseruent.
675 3119 706 3174 et
720 3111 745 3173 si
761 3112 814 3194 qui
830 3110 929 3173 nostri
944 3110 1083 3174 mandati
1099 3119 1337 3192 transgressores

315 3221 487 3295 extiterint,
509 3223 589 3284 sicut
604 3221 760 3293 decuerit,
781 3221 958 3302 puniemus.
981 3229 1012 3284 et
1026 3221 1177 3284 faciemus
1191 3221 1272 3283 filios
1286 3239 1335 3281 no-

314 3342 394 3395 stros
417 3341 448 3394 et
468 3333 673 3412 iobbagiones
694 3331 814 3406 iurare,
842 3333 1016 3395 secundum
1037 3333 1122 3414 quod
1143 3331 1274 3394 inferius
1301 3332 1333 3392 de

314 3445 491 3506 iuramento
507 3461 616 3504 eorum
633 3442 819 3505 continetur.
842 3443 984 3523 Capitula
999 3450 1102 3506 autem
1117 3451 1190 3505 sunt
1203 3443 1280 3506 hec:

398 3557 456 3630 (l)
477 3555 603 3627 Iudeos
625 3554 812 3616 Sarracenos
828 3553 895 3617 siue
909 3555 1081 3618 lsmaelitas
1105 3555 1143 3616 de
1160 3564 1264 3618 cetero
1279 3575 1332 3616 non

314 3667 512 3750 proficiemus
533 3673 639 3728 nostre
659 3687 798 3741 camere,
820 3676 966 3740 monete,
988 3668 1116 3741 salibus,
1138 3667 1275 3729 collectis
1289 3666 1331 3728 uel

316 3777 471 3858 aliquibus
493 3776 624 3858 publicis
647 3777 768 3851 officiis,
789 3798 847 3840 nec
862 3778 1087 3840 associabimus
1109 3799 1163 3840 eos
1186 3779 1331 3860 prefectis,

314 3910 374 3953 nec
395 3890 428 3951 in
450 3889 594 3952 fraudem
616 3889 734 3972 aliquid
754 3889 922 3965 faciemus,
947 3891 1183 3974 propterquod
1206 3891 1245 3952 ab
1266 3890 1330 3972 ipsis

314 4001 437 4086 possint
451 4001 584 4082 opprimi
600 3999 775 4064 Christiani.

397 4114 454 4188 (2)
474 4113 552 4174 Item
566 4133 625 4174 nec
638 4113 855 4194 permittemus
866 4113 899 4175 in
911 4120 975 4177 toto
986 4134 1086 4196 regno
1097 4121 1206 4177 nostro
1217 4114 1328 4188 ludeos,

316 4225 505 4290 Sarracenos
523 4225 577 4291 uel
588 4225 758 4291 Ismatlitas
771 4224 882 4311 prefici
895 4223 987 4290 alicui
1000 4223 1128 4312 publico
1144 4223 1259 4290 officio.
