3048 4760
390 429 804 483 eonsrrrnrronrssrnoous
826 433 980 486 nonanus.
1023 416 1113 484 1279.
1202 417 1263 486 573

236 591 305 654 siue
327 591 532 672 pecuniarum
549 590 746 671 aliquatenus
767 613 831 654 non
851 593 962 656 teneri.
989 601 1160 656 statuentes
1179 594 1265 675 quod

238 703 293 784 qui
311 703 345 764 in
362 703 475 766 talibus
496 704 537 764 de
553 713 659 764 cetero
680 703 799 766 inuenti
820 703 937 766 luerint
951 705 1138 778 excessisse,
1159 711 1265 787 preter

239 813 602 878 excommunicaciouem
630 833 723 894 quam
748 814 817 894 ipso
841 813 925 876 laeto
950 815 1127 889 incurrant,
1158 814 1264 880 asnis

201 955 204 962 ¹
239 926 414 990 dieeesauis
436 932 489 986 aut
503 924 572 986 allis
586 925 649 988 suis
664 925 880 1005 superioribus
891 943 950 1006 per
964 927 1179 1008 prinaciouem
1193 947 1266 1008 per-

239 1046 383 1119 petuam,
394 1045 447 1098 arnt
461 1037 559 1098 eciam
574 1037 787 1116 temporalem
795 1037 1101 1120 beneficiorumque
1116 1039 1266 1111 obtinent,
1379 1089 1382 1095 .

240 1159 271 1212 et
284 1149 360 1210 alias
373 1167 470 1230 penas
479 1147 588 1210 taliter
602 1149 803 1229 castigentur,
815 1149 901 1230 quod
915 1169 995 1230 pena
1010 1150 1151 1230 ipsorum
1166 1158 1267 1212 trans-

240 1268 292 1324 eat
306 1259 387 1321 tuliis
416 1259 449 1320 in
475 1259 669 1339 exemplum,
694 1281 791 1340 quam
813 1261 1099 1334 constitucionem,
1115 1271 1267 1342 quantum

240 1374 281 1434 ad
306 1391 404 1453 penas
428 1371 638 1450 imponendas
664 1373 704 1434 ad
729 1373 948 1452 prernoeienes
975 1393 1031 1434 seu
1056 1374 1268 1436 medieeieues

242 1482 747 1564 predictarum‘cuniurnoionum‚
775 1484 1062 1564 conspiracionum,
1089 1484 1268 1565 colligaeio-

242 1613 333 1666 num,
355 1592 614 1664 immentorum,
635 1594 880 1672 promissionum
902 1601 933 1656 et
947 1594 1176 1674 obligaeionuru
1196 1613 1269 1676 pre·

242 1705 393 1768 dictarum
407 1703 536 1765 extendi
551 1704 696 1766 uolumus
711 1713 743 1766 et
757 1706 950 1768 mandandus.

325 1813 392 1895 118)
411 1815 681 1895 Statuimns.quod
701 1833 772 1878 eum
788 1836 827 1877 ex
843 1817 1077 1880 deliberacione
1099 1828 1131 1881 et
1143 1819 1269 1882 ordina·

242 1926 333 1988 eioue
354 1925 679 2006 archiepiscoporum,
699 1927 919 2006 episcoporum
942 1935 974 1990 et
992 1927 1124 1992 aliorum
1142 1929 1270 1990 ordina-

243 2038 360 2098 riorum
382 2038 520 2117 synodus
542 2037 636 2098 luerit
654 2037 861 2110 celebranda,
883 2058 938 2118 per
951 2039 1043 2111 duos,
1065 2047 1128 2100 tres
1150 2039 1205 2100 uel
1223 2047 1269 2102 tot

242 2149 310 2210 dies
331 2148 386 2229 qni
405 2147 551 2210 sulficere
576 2147 754 2221 uideantur,
777 2157 945 2228 antequam
966 2168 1001 2209 ss
1024 2157 1142 2228 ponant
1163 2149 1194 2210 in
1220 2149 1269 2210 triu

244 2259 339 2322 eundi
354 2260 394 2320 ad
408 2260 582 2340 synodum,
603 2267 741 2320 rectores
756 2257 980 2339 parochialium
995 2259 1197 2322 ecclesiarum
1215 2277 1270 2320 eo-

244 2387 384 2450 rumque
390 2369 533 2450 perpetui
543 2369 654 2433 uicerii
666 2369 718 2450 qni
732 2369 992 2448 perpresidentes
1003 2369 1115 2450 synodi
1126 2369 1269 2452 faciende

245 2479 361 2540 fuerint
376 2479 564 2559 generaliter
579 2480 645 2540 siue
661 2479 839 2559 specialiter
853 2499 910 2542 seu
923 2481 1122 2561 singulariter
1137 2479 1272 2552 euocat-i,

246 2591 411 2671 diligenter
426 2590 586 2670 inquirant
606 2570 687 2672 siqui
711 2590 774 2652 sint
793 2591 908 2654 infirmi
929 2612 986 2654 seu
1001 2592 1119 2654 debiles
1133 2592 1164 2654 iu
1180 2611 1272 2672 paru-

247 2699 324 2764 cbiis
345 2699 420 2772 suis,
442 2721 561 2781 eosque
583 2701 713 2764 uisitent
733 2701 833 2762 eciam
853 2721 917 2762 non
934 2702 1090 2783 requisiti,
1112 2710 1143 2764 et
1156 2702 1272 2765 iaciant

247 2810 330 2874 eirea
345 2829 400 2872 eos
415 2810 569 2892 quidquid
584 2829 713 2875 necesse
727 2811 823 2872 fuerit
834 2814 874 2874 ad
889 2813 1063 2874 animarum
1079 2813 1221 2874 salutem.

330 2918 399 3002 (19)
421 2921 592 2984 Statuiruns
612 2921 713 2984 eciam
737 2931 769 2984 et
790 2922 992 3003 precipimus,
1023 2930 1057 2984 ut
1079 2942 1189 2986 omnes
1211 2931 1274 2986 tarn

248 3034 420 3116 regulares,
441 3053 535 3116 quam
557 3033 718 3098 seoulnres
737 3034 770 3094 in
793 3034 1006 3115 dignitatibus,
1026 3053 1082 3098 sen
1096 3035 1275 3114 personari·

249 3149 308 3210 bus
321 3147 479 3210 constituti
492 3147 574 3208 illius
589 3145 771 3228 metropolis
786 3147 818 3208 in
833 3167 894 3227 qna
909 3145 1127 3227 prouincialis,
1147 3153 1179 3208 et
1193 3146 1274 3210 illius

250 3259 392 3332 diocesis,
417 3259 451 3320 in
466 3279 529 3340 qua
544 3260 730 3340 episcopalis
745 3261 885 3342 synodus
899 3242 995 3322 luerit
1008 3259 1213 3329 celebranda,
1234 3259 1275 3320 ad

250 3369 404 3449 synodum
418 3370 563 3442 ueniant,
585 3370 644 3432 nisi
658 3372 866 3434 remanserint
879 3372 919 3432 de
933 3391 1062 3434 snorum
1075 3370 1275 3450 superiorum
1287 3363 1292 3382 '

250 3479 382 3542 licencia
405 3480 550 3560 speciali,
572 3482 612 3542 de
635 3501 769 3562 quornm
795 3482 998 3545 ordinacione
1019 3482 1159 3563 synodus
1173 3480 1278 3544 luerit

251 3589 410 3663 luemuda,
431 3599 462 3652 et
482 3590 507 3652 si
531 3591 633 3660 taliter
653 3592 794 3671 impediti
813 3592 946 3666 fuerint,
967 3593 1053 3673 quod
1068 3593 1108 3654 ad
1122 3593 1277 3673 synodum

251 3701 359 3762 uenire
380 3719 444 3762 non
462 3701 598 3781 possint,
619 3701 793 3782 legitimum
808 3709 1024 3764 excusatorem
1039 3702 1190 3766 clericum
1204 3723 1277 3766 cunr

252 3810 347 3890 pleno
369 3812 516 3874 mandato
540 3812 579 3873 ad
600 3811 827 3890 acceptandum
850 3818 881 3872 et
900 3811 1117 3890 recipiendum
1130 3831 1230 3893 eaque
1245 3813 1278 3874 in

252 3921 373 4000 synodo
386 3921 503 3984 luerint
516 3922 658 3984 ordinata
673 3922 895 3987 transmittant.
921 3921 1084 3996 ineundo,
1105 3923 1226 3994 stando,
1247 3928 1280 3984 et

245 4032 417 4098 redeundo
431 4032 563 4094 honeste
578 4032 752 4102 ambulent,
767 4031 900 4096 honeste
913 4033 1058 4113 aquirant
1070 4032 1225 4114 hospicia,
1248 4037 1280 4094 et
1392 4092 1396 4098 ,
1511 4064 1512 4067 ¹

251 4142 286 4206 iu
304 4142 351 4208 eis
371 4142 602 4228 obcnmspeote.
619 4162 653 4204 se
674 4143 812 4206 habeant
832 4143 991 4217 modeste,
1010 4142 1143 4215 neuile,
1165 4159 1280 4218 mores,

255 4260 286 4318 et
305 4252 612 4340 gestusolericorum
628 4253 744 4340 populo
756 4251 811 4320 liat
830 4254 864 4320 in
877 4252 1058 4322 scandalum
1073 4260 1105 4342 ot
1118 4257 1280 4342 contemp-
