2924 4758
397 429 576 480 seruistis
597 430 688 478 neers
709 429 876 478 usmetun
896 431 941 478 ru.
1124 410 1187 486 oto

144 595 244 654 testes
262 588 394 662 fuerint,
422 587 539 651 iudicio
561 587 784 650 discuciantur.
815 587 843 657 ¹si
867 585 1039 669 culpabiles
1063 585 1185 648 inuenti

145 701 281 774 fuerint,
304 701 387 762 sicut
400 699 485 762 fures
502 699 546 762 ita
560 699 781 760 diiudicentur.

233 807 300 893 (12)
322 812 367 872 Dc
379 809 446 890 [ure
459 813 493 872 iu
512 811 597 872 curia
618 811 760 874 nobilium
779 821 875 890 copto.
920 809 951 872 Si
966 809 1035 892 quis
1050 809 1082 870 in
1098 808 1185 871 curia

143 923 299 1010 nobilium
319 921 436 984 furtum
464 920 591 994 fecerit,
612 921 791 984 ¹nuncietur
814 921 867 984 uel
891 921 1033 982 eiusdem
1057 921 1184 984 domino

146 1034 245 1096 curtis
261 1032 312 1094 uel
327 1031 478 1114 pristaldo
491 1033 568 1095 eius.
592 1039 624 1095 et
639 1033 665 1093 si
680 1033 761 1095 sorte
778 1033 956 1114 eontigerit,
972 1033 1057 1115 quod
1073 1038 1184 1094 neuter

146 1145 233 1207 domi
249 1145 307 1218 sit,
330 1149 516 1236 expectetur
530 1163 588 1226 per
603 1145 714 1206 decem
729 1145 807 1206 dics.
838 1143 864 1204 si
879 1144 912 1204 in
926 1118 1093 1205 undecima
1106 1163 1185 1226 nen7

144 1263 196 1318 ter
216 1255 343 1317 illorum
364 1254 505 1328 uenerit,
527 1263 599 1318 ante
622 1256 759 1318 iudicem
780 1261 942 1342 statuatur,
964 1263 995 1318 et
1008 1255 1185 1320 secundum

143 1367 251 1450 legem
266 1343 426 1430 tractetur.
563 1441 564 1446 γ

231 1475 298 1562 (13)
321 1479 364 1540 Dc
380 1481 575 1542 collectoribus
594 1481 790 1562 fugitiuorum
809 1499 920 1542 aarum.
963 1480 1079 1542 Rerum
1101 1478 1184 1562 iugi-

146 1592 287 1662 tiuarum
311 1589 474 1666 collector,
503 1611 598 1674 quem
627 1591 799 1674 uulgariter
818 1591 1031 1678 joccerydech
1059 1568 1183 1666 dicunt,

148 1702 305 1784 quidquid
327 1701 457 1784 colligit,
480 1703 519 1764 ad
535 1701 692 1764 ciuitatem
708 1701 849 1765 eiusdem
869 1703 1034 1784 prouincic
1050 1723 1184 1787 congre

147 1822 212 1896 get,
235 1819 267 1876 et
280 1814 364 1895 regis
380 1833 476 1896 agaso
492 1821 523 1878 et
538 1814 659 1876 comitis
676 1815 819 1878 eiusdem
834 1815 966 1878 ciuitatis
984 1815 1017 1878 in
1031 1815 1182 1878 suburbio

147 1923 306 1990 stabulum
321 1925 431 1999 saciat,
453 1925 507 1988 ubi
521 1943 623 2008 usqne
639 1925 679 1990 ad
693 1926 896 1991 sestiuitatcm
911 1928 1009 1990 sancti
1022 1927 1182 1992 Michaelis

147 2037 332 2119 archangeli
348 2037 500 2119 quidquid
516 2057 666 2120 pecorum
681 2038 846 2102 collectum
862 2048 921 2113 est,
943 2013 1099 2102 seruatur.
1121 2039 1182 2102 duc

146 2155 255 2232 partes
270 2145 474 2232 fugitiuorum
489 2149 652 2212 hominum
669 2151 827 2213 donentur
841 2151 924 2232 regis
940 2151 1102 2235 pristaldo,
1119 2158 1183 2213 ter-

149 2263 197 2324 cia
213 2281 287 2342 pars
304 2261 422 2334 comiti,
441 2267 472 2324 ct
485 2281 587 2344 usque
602 2263 642 2324 ad
656 2263 895 2344 pronunciatum
909 2263 1112 2325 festiuitatem
1127 2263 1183 2336 de<

146 2375 308 2436 tineentur
322 2379 354 2435 et
367 2380 581 2436 reseruentur.
604 2373 769 2456 dequibus
783 2383 857 2461 post
870 2373 1072 2439 festiuitatem
1083 2373 1184 2466 sancti

147 2485 322 2560 Michaelis,
344 2485 471 2566 quando
493 2485 692 2560 diuiduntur‚·
713 2486 847 2549 nuncius
868 2486 1007 2569 episcopi
1029 2487 1183 2550 decimam

148 2607 272 2681 partem
287 2596 432 2678 accipiat.
452 2615 471 2658 a
489 2594 658 2659 festiuitatc
674 2598 773 2660 sancti
787 2596 911 2661 Martini
925 2617 1025 2680 usque
1041 2600 1081 2662 ad
1095 2599 1183 2663 festi-

148 2710 281 2773 uitatem
301 2709 400 2771 saneti
415 2707 543 2788 Georgii
564 2716 797 2790 congregentur
812 2727 889 2771 oues
914 2717 945 2772 ct
959 2709 1073 2784 boues,
1096 2719 1126 2774 et
1141 2713 1183 2774 si-

148 2821 216 2882 mili
229 2819 324 2883 modo
340 2819 531 2902 diuiduntur.
562 2825 593 2881 et
607 2819 634 2882 si
647 2819 762 2900 iterum
777 2839 884 2882 rerum
898 2817 1102 2903 fugitiuarum
1117 2821 1181 2884 eol-

147 2931 258 3006 lector‚
280 2948 375 3014 quem
397 2931 478 3004 dixi,
499 2931 560 2992 hoe
582 2937 796 3016 transgressus
817 2931 929 3006 fuerit,
950 2934 1089 3014 exceptis
1110 2933 1180 2998 filiis

149 3049 300 3104 eluxere
322 3041 400 3115 eiuS,
428 3061 500 3103 cum
519 3041 604 3104 omni
623 3042 804 3104 substancia
826 3044 984 3124 perdatur,
1013 3045 1039 3108 si
1059 3046 1180 3134 comitis

149 3152 303 3231 cornua
314 3153 520 3235 fugitiuorum
535 3131 615 3216 raher
630 3153 736 3229 fuerit,
758 3154 849 3216 simin
863 3157 957 3218 modo
972 3157 1182 3238 aspernatur,

150 3267 189 3330 si'
204 3285 328 3355 seruus,
349 3265 454 3328 comiti
473 3265 641 3330 auferatur.
666 3266 692 3328 si
706 3265 791 3348 regis
806 3266 1010 3350 fugitiuorum
1024 3267 1182 3346 collector,

150 3381 190 3442 de
204 3379 255 3441 his
269 3389 331 3460 que
348 3378 475 3460 collegit
491 3377 608 3460 aliquid
624 3378 839 3460 denegauerit,
860 3379 953 3442 alieni
968 3381 1100 3457 dederit,
1118 3392 1181 3446 tam

149 3491 204 3572 qui
218 3491 345 3572 recipit,
368 3508 463 3572 quam
479 3491 532 3572 qui
549 3489 687 3566 dederit,
709 3491 801 3554 ambo
815 3493 996 3574 perdantur.
1025 3495 1097 3558 etsi
1112 3497 1181 3578 quis

150 3603 180 3666 ei
195 3600 366 3686 quidquam
382 3601 549 3666 dotalibus
564 3604 745 3686 negauerit,
767 3612 917 3688 quantum
937 3605 1080 3690 negauit,
1103 3610 1181 3672 duo-

149 3717 255 3783 decies
269 3723 389 3780 tantum
403 3715 525 3778 reddat.

234 3824 299 3910 (tt)
321 3829 365 3890 De
379 3830 425 3890 bis
439 3830 490 3910 gui
505 3847 590 3908 epum
604 3849 623 3891 u
639 3831 801 3892 cursoribus
822 3833 954 3894 dimissos
970 3835 1104 3898 retinent.
1148 3836 1180 3899 Si

148 3941 219 4024 quis
241 3959 351 4023 equos,
377 3961 458 4023 quos
478 3959 624 4005 cursores
646 3941 817 4018 dimittunt,
845 3943 1009 4022 habuerit,
1037 3968 1096 4032 per
1117 3957 1179 4012 tres

148 4051 341 4136 septimanas
367 4053 407 4116 ad
431 4052 598 4120 ecelesiam
621 4053 675 4118 uel
699 4055 740 4118 ad
761 4064 950 4134 mercatum,
977 4078 1072 4122 causa
1092 4081 1180 4124 mon-

148 4163 270 4228 strandi
285 4163 389 4228 ducat.
411 4171 444 4230 et
458 4165 487 4230 si
500 4165 645 4230 dominus
657 4167 724 4234 eius
739 4189 804 4232 non
818 4169 992 4246 inuenerit,
1015 4173 1111 4236 donet
1124 4193 1181 4260 eos

148 4275 314 4365 collectori
330 4276 426 4368 regis.
454 4277 597 4360 similiter
619 4279 658 4350 de
682 4281 772 4370 equis
786 4281 844 4350 fiat
864 4283 1019 4350 osoribus
1036 4282 1183 4364 dimissis,

887 4383 927 4450 23
