2904 4754
250 432 339 488 ertu
357 431 399 485 ιτα·
419 436 509 486 suuis
530 438 634 488 rurus
656 439 780 488 rnmurr
800 441 832 488 m
851 429 939 489 rrsr.
972 425 1061 490 1255.
1110 421 1171 491 tm

138 615 233 660 masa·
251 597 377 670 dicitur,·
395 593 448 677 qui
471 595 581 658 uendit
605 596 685 658 duos
707 593 870 670 denarios,
901 595 1043 659 similiter
1063 603 1095 660 ct
1116 596 1172 678 qui

137 710 226 772 emit
248 709 288 770 de
309 719 458 771 mensura
481 726 557 770 uere
581 729 657 788 pure
677 724 765 782 cere,
787 707 842 789 qui
856 709 965 771 uendit
980 709 1058 771 duos
1074 709 1171 771 dene-

136 820 215 893 rios,
237 815 379 880 similiter
399 817 505 898 ecqui
528 815 612 880 emit.
634 815 772 881 item‘dc
794 833 942 882 mensura
963 804 1064 892 sessi,
1086 819 1171 899 quod

135 929 238 1012 uuigc
256 949 342 992 masc
361 929 482 1002 dicitur,
495 929 558 1012 ‘qui
581 931 690 993 uendit
710 945 806 993 unum
828 931 1009 1004 denarium,
1029 929 1172 994 similiter

137 1051 172 1106 et
185 1041 242 1124 qui
254 1041 342 1104 emit.
366 1041 446 1103 item
462 1041 662 1104 demensum
678 1040 811 1124 plumbi,
832 1041 920 1116 ferri,
941 1043 1039 1124 cupri,
1061 1061 1170 1124 supra·

138 1155 228 1218 dicto
243 1153 336 1215 medo
351 1151 502 1214 tributum
516 1173 646 1215 censum
661 1154 861 1236 exigendum.
924 1161 926 1166 '
968 1227 969 1230 Ἴ
1003 1167 1005 1170 ’

228 1267 306 1342 (11)
328 1262 475 1327 Ceterum
496 1264 522 1325 si
540 1273 695 1326 mercator
714 1285 777 1326 neu
793 1263 931 1327 deferret
950 1263 1071 1346 aliquus
1088 1280 1174 1326 mer·
1215 1238 1223 1245 ¹

140 1399 208 1452 ees,
222 1378 281 1439 nisi
296 1384 472 1458 argentum,
488 1376 527 1436 de
544 1375 682 1457 quinque
698 1375 811 1438 marcis
827 1375 921 1438 dehet
935 1375 1059 1438 soluere
1073 1389 1172 1438 uuum

139 1489 285 1573 pondus,
313 1487 485 1550 secundum
508 1488 592 1570 quod
613 1489 644 1548 iu
668 1497 797 1570 argente
822 1486 874 1550 uei
897 1495 1024 1550 moneta
1045 1487 1174 1550 habehit

141 1601 213 1684 pius
235 1597 287 1662 uel
309 1599 421 1660 miuus.
452 1599 478 1660 si
499 1605 603 1660 autem
624 1598 743 1662 habere
758 1618 792 1660 sc
809 1599 972 1680 negauerit
989 1607 1171 1680 arpentum,

138 1711 288 1795 purgabit
302 1731 336 1772 se
351 1729 411 1771 suo*
424 1717 456 1771 et
471 1709 518 1770 sui
532 1709 662 1791 hospitis
678 1716 886 1772 sacramente.

224 1821 308 1899 (m)
327 1822 406 1884 Item
421 1820 585 1884 statuimus
600 1822 783 1884 nomin-atim
798 1822 1042 1904 strigonienses,
1056 1821 1171 1886 Albeu·

139 1957 207 2010 ses,
229 1945 261 1999 ct
274 1935 416 1996 breuiter
431 1953 565 2006 omues,-
579 1933 631 2016 qui
647 1933 687 1996 ud
703 1933 807 1996 forum
830 1936 991 2000 mercandi
1007 1955 1102 2001 causa
1116 1955 1171 1998 ue·

139 2047 260 2119 ueriut,
283 2047 322 2108 de
344 2045 498 2108 mamonis
518 2045 582 2106 suis
604 2046 636 2106 iu
658 2045 837 2126 supradicte
853 2047 896 2108 ad
908 2046 1101 2108 solucionem
1117 2047 1171 2109 tri-

139 2158 208 2221 buti
222 2164 399 2220 teneantur.
434 2155 604 2237 excipimus
620 2163 724 2218 autem
740 2155 846 2218 fabrus
862 2163 985 2218 nostros
1000 2156 1039 2218 de
1055 2155 1172 2237 Strigu-

140 2271 194 2334 nio
215 2268 297 2343 illos,
319 2269 372 2352 qui
393 2275 535 2350 tempore
557 2287 639 2330 nuuc
662 2277 787 2330 monete
803 2267 887 2330 domi
904 2267 937 2327 id
951 2265 1071 2328 fabrica
1083 2266 1172 2328 labo-

139 2390 270 2456 ramnt,
299 2381 326 2442 si
351 2398 420 2442 cum
444 2397 544 2443 uxore
562 2371 741 2443 ¹et‘iirmilia
765 2397 823 2441 sua
845 2367 880 2439 in
902 2386 1004 2442 castro
1028 2379 1172 2460 superius

141 2493 360 2556 morabuntur.
387 2494 457 2552 cu'm
472 2496 580 2552 sutem
593 2493 631 2553 ab
647 2509 743 2572 opere
758 2486 899 2570 predicte
915 2496 1041 2553 monete
1056 2489 1173 2552 fuerint

143 2601 298 2686 expediti,
321 2602 492 2677 statuimus,
514 2601 598 2683 quod
621 2601 660 2663 de'
682 2599 835 2662 mamonis
858 2599 921 2662 suis
938 2599 1089 2662 tributum
1110 2599 1174 2662 sol-

141 2723 220 2778 uaut
234 2713 314 2777 sicut
328 2713 390 2774 aiii.
478 2732 483 2740 ‘
958 2723 962 2726 ·

144 2845 148 2850 ¹
227 2825 310 2901 (m)
328 2823 406 2886 itcm
426 2823 620 2894 censuimus,
652 2824 831 2903 quicunque
857 2821 1009 2884 decimam
1033 2819 1174 2900 episcopi

142 2930 387 3016 vesprimiensis
401 2933 523 3006 eximit,
546 2933 614 2994 siue
629 2931 800 2994 decimator
814 2931 968 3003 extiterit,
990 2928 1118 2992 eciamsi
1133 2929 1175 2990 sit

145 3045 224 3110 ciuis
248 3047 282 3108 in
306 3052 416 3108 cestre
432 3045 588 3116 Pestensi,
618 3044 645 3105 si
676 3043 784 3104 uinum
808 3040 842 3102 in
869 3046 1005 3102 castrum
1027 3035 1174 3101 ceratem

145 3160 241 3223 ceusu
263 3157 438 3230 uendendi,
460 3157 555 3217 modu
570 3152 748 3235 supradicto
769 3155 809 3216 ad
824 3152 1053 3234 prestacicnem
1067 3149 1173 3214 tributi

143 3275 300 3333 teneatur.
341 3279 345 3300 ’-
529 3346 532 3349 .

165 3407 169 3414 ·
227 3377 307 3454 (m)
329 3379 475 3440 Preterea
500 3375 731 3449 ordinauimus,
758 3377 843 3457 quud
865 3376 905 3438 de
923 3373 1030 3437 carina
1046 3373 1173 3454 frugum

145 3490 284 3552 medium
298 3488 455 3550 fertonem
468 3485 622 3568 recipiunt
636 3485 800 3559 tributarii,
815 3485 855 3546 de
870 3483 1002 3565 simplici
1012 3503 1093 3546 naue
1108 3481 1173 3544 fru-

146 3601 237 3682 gibus
259 3607 387 3660 sueretu
406 3615 502 3658 uuum
522 3597 657 3678 pondus.
686 3597 760 3658 item
777 3595 815 3656 de
830 3612 912 3656 uuue
927 3593 1060 3674 piscium
1074 3604 1173 3654 uuum

146 3711 281 3794 pondus.
302 3710 378 3772 item
393 3709 432 3770 de
447 3727 540 3770 curru
563 3719 676 3790 magno
692 3708 839 3789 piscium,
862 3707 946 3788 quod
968 3704 1063 3788 uulgo
1085 3718 1173 3767 muse

146 3821 285 3893 dicitur‚‘
297 3818 436 3880 medium
457 3817 623 3879 fertonem.
652 3818 727 3879 item
750 3817 789 3878 de
810 3825 895 3880 strue
918 3807 1089 3897 lig‘uorum3
1115 3815 1173 3898 qui

146 3929 266 4014 regitur
279 3949 339 4012 per
353 3931 433 3991 duos
451 3941 555 3990 remus
563 3957 575 4002 5
595 3928 657 3989 duc
678 3926 829 4008 pendere.
857 3933 889 3988 et
901 3925 947 3987 sic
961 3926 1002 3986 de
1015 3932 1100 3988 strue
1110 3926 1174 4008 tig-

146 4061 259 4106 norum
272 4034 923 4118 adscendencium*tributum‘persulustuu
942 4037 1017 4098 item
1029 4036 1068 4102 dc
1080 4053 1172 4098 curru

146 4154 221 4222 ferri
233 4153 311 4220 duos
322 4151 478 4218 denarius.
497 4151 573 4218 item
585 4165 693 4216 currus
706 4148 876 4217 herbarum
890 4167 988 4214 uuum
999 4145 1172 4213 denarium.
