2904 4754
245 475 359 526 raons
380 475 452 524 urm
472 471 622 523 traanrrs
644 473 920 524 rounnnumsrun.
964 457 1054 523 tarr.
1103 453 1163 522 dit

144 641 148 648 '
218 635 275 710 (3)
298 633 345 694 Ad
369 633 429 694 hac
452 631 665 694 concessimus
696 631 831 706 eisdem,
863 637 897 695 ut
924 649 988 693 non
1012 637 1165 712 cogantur

130 738 277 826 recipere
292 735 427 826 aliquem
444 744 578 804 iudicem
595 763 722 824 paruos
739 743 861 818 datum,
884 744 941 807 sed
956 763 995 805 ex
1010 741 1165 805 electione

132 877 192 920 sua
206 856 306 918 libera
322 863 481 918 assumant
496 855 528 916 in
543 853 683 916 uillicum
706 875 801 936 quem
823 855 945 928 uolent,
967 862 1060 935 prout
1073 853 1105 915 in
1119 861 1166 915 te-

132 975 213 1032 nore
235 965 392 1050 priuilegii
415 967 464 1029 arui
479 965 578 1028 nostri
595 975 642 1028 est
657 987 855 1047 expressum,
877 967 1072 1048 quiquidem
1085 963 1167 1028 uilli-

131 1087 189 1143 ous
204 1081 238 1142 in
254 1080 327 1142 anni
341 1077 543 1142 reuolucione
560 1079 729 1142 uillieatum
747 1079 862 1142 debeat
878 1079 910 1140 in
925 1094 1036 1140 manus
1050 1077 1165 1139 ciuium

129 1193 308 1274 resignare.

221 1305 280 1380 (b)
302 1302 445 1365 Ceterum
471 1309 505 1364 ut
529 1303 625 1365 iidem
651 1303 736 1365 ciues
761 1302 878 1377 nostri,
908 1310 940 1365 ut
965 1303 1092 1376 merito,
1121 1301 1165 1364 sic

133 1435 270 1479 numero
295 1421 484 1496 augeantur,
515 1415 702 1495 ualeantque
727 1412 893 1476 honestius
917 1421 948 1476 et
972 1412 1166 1476 commodius

133 1527 319 1590 sublimitati
339 1534 444 1588 nostre
467 1525 644 1600 desernire,
667 1525 877 1588 concessimus
899 1533 930 1587 et
948 1525 1166 1587 concedimus:

133 1641 223 1724 quod
245 1658 301 1721 pro
316 1638 403 1699 nullo
425 1638 513 1722 graui
537 1657 667 1700 excessu
691 1654 800 1700 eorum
825 1635 1040 1720 possessiones
1056 1653 1166 1698 eorum

133 1751 312 1816 alienentur
326 1769 383 1831 per
399 1769 507 1812 manus
522 1749 626 1831 regias
647 1737 866 1822 autharones,
888 1767 942 1810 seu
960 1764 1016 1830 per
1028 1747 1167 1810 iudicem

133 1865 290 1948 ipsorum,
312 1861 368 1924 sed
390 1837 614 1924 excedentibus
637 1863 790 1924 inferatur
811 1858 916 1923 debita
937 1879 1019 1942 pena
1039 1859 1072 1920 in
1095 1867 1168 1942 per'·

134 1975 231 2047 sonis,
248 1970 441 2034 hereditates
455 1993 534 2034 uero
551 1993 606 2034 seu
621 1973 839 2054 possessiones
854 1973 993 2053 ipsorum
1008 1971 1060 2032 uel
1074 1971 1167 2045 bona,

133 2085 296 2155 uxoribus,
310 2081 489 2156 heredibus,
504 2083 653 2164 proximis
668 2080 720 2146 uel
735 2083 873 2166 cognatis
889 2079 1078 2145 indemniter
1092 2055 1167 2144 con2

133 2204 311 2260 seruentur.
722 2188 726 2194 ’

412 2433 415 2438 .
481 2403 824 2440 tm

441 2549 444 2554 ¹
511 2601 666 2686 rura
690 2601 789 2686 urar

143 2755 425 2837 'erasurus
453 2763 731 2838 uosrrrunr
765 2759 1140 2864 annonariam.

365 2901 367 2908 ’
532 2905 768 2968 MCCLXXVH.
864 2967 869 2974 .

449 3061 470 3116 ii
483 3061 609 3112 tabulario
622 3061 694 3114 urbis
706 3062 857 3114 Komarom.

219 3321 357 3384 Thomas
378 3321 496 3395 banus,
519 3341 624 3383 comes
646 3303 863 3396 Posoniensis',
892 3321 1053 3385 Nitrieusis
1076 3325 1166 3388 etde

134 3437 320 3506 liemarum,
335 3432 490 3494 uniuersis
505 3432 617 3514 quibus
632 3441 796 3514 presentes
812 3433 1030 3509 ostenduntur,
1045 3437 1166 3499 sincere

136 3543 246 3608 salutis
270 3545 425 3605 allectum.
463 3541 615 3606 Constans
641 3544 765 3607 dilectio
787 3545 912 3607 labente
937 3554 1079 3627 tempore
1102 3567 1167 3610 nou

135 3655 261 3729 labitur,
276 3655 331 3716 sed
343 3654 376 3715 in
388 3655 457 3716 altis
469 3657 644 3718 consistens
659 3657 818 3718 radicibus
829 3657 1014 3738 protelatur.
1034 3659 1167 3740 proinde

138 3767 179 3830 ad
195 3766 412 3826 uniuersorum
429 3765 575 3827 noticiam
592 3766 700 3829 harum
722 3768 803 3830 serie
822 3767 969 3830 uolumus
984 3770 1168 3850 peruenire:

84 3938 87 3950 ,
138 3877 225 3958 quod
244 3896 302 3937 nos
323 3876 498 3956 hospitibus
520 3878 632 3939 nostris
655 3879 694 3938 de
715 3879 876 3939 Kamarun
899 3879 1097 3961 congregatis
1117 3878 1170 3942 uel

138 3987 368 4068 congregandis
388 3985 470 4049 hane
493 3987 639 4050 duximus
661 3989 797 4071 graciam
818 3988 1010 4062 faciendam,
1031 3997 1062 4050 et
1076 3989 1170 4050 liber-

137 4106 233 4162 tatem
246 4099 496 4161 concedendam:

222 4205 267 4291 (l)
291 4209 376 4292 quod
391 4229 409 4271 a
423 4208 539 4272 iudicio
556 4210 717 4272 castellani
731 4209 830 4272 nostri
844 4208 898 4274 uel
912 4209 1037 4272 curialis
1049 4207 1169 4272 comitis

82 4309 86 4316 ’
139 4321 179 4386 de
193 4322 352 4386 Kamaron
371 4321 496 4408 penitus
518 4341 588 4386 esse
609 4322 745 4389 debeant
763 4321 896 4388 absoluti
911 4330 942 4388 et
962 4320 1091 4399 exemti,
1112 4321 1170 4391 sed
