2924 4758
440 463 465 513 s.
478 465 622 514 mmsmr
644 468 734 514 nsors
755 467 921 514 uscrsrmr
941 467 962 514 1.
1155 447 1215 516 333

179 623 283 686 ratim.
325 621 352 684 si
377 642 453 684 uero
477 630 549 704 post
572 623 780 685 iuramentum
807 623 968 686 dominum
993 643 1117 686 annone
1145 624 1214 707 quis

180 736 300 798 alienus
314 735 475 816 periurum
491 735 617 806 dixerit,
641 741 746 816 preter
761 735 943 816 pristaldum
960 735 1118 816 episcopi,
1141 744 1213 799 ante

180 845 367 927 pristaldum
390 847 420 907 et
441 841 571 908 comites
586 853 771 907 numeretur
787 866 919 908 annona.
948 845 974 908 si
990 845 1153 926 culpabilis
1169 847 1217 908 in-

154 983 157 990 ⁴
181 966 296 1020 uentus
319 956 414 1020 fuerit
429 957 573 1019 dominus
595 977 736 1030 annone,
759 957 788 1019 ei
811 966 916 1019 autem
932 958 1054 1020 decima
1073 978 1147 1038 pars
1163 959 1218 1021 de·

181 1076 242 1142 tur,
264 1076 295 1130 et
317 1087 433 1130 nouem
458 1077 561 1149 partes
582 1069 695 1130 dentur
718 1069 877 1150 episcopo.
907 1069 933 1132 si
954 1077 1059 1132 autem
1078 1066 1146 1151 ipse
1162 1068 1216 1152 qui

179 1162 396 1242 insurrexerat
409 1169 546 1241 mendax
560 1179 632 1253 crit,
648 1169 761 1242 eodem
775 1171 890 1243 iudicio
906 1180 1066 1262 persoluat
1081 1181 1215 1262 culpam.

174 1291 209 1354 si
228 1311 294 1354 nou
311 1291 458 1368 habuerit
476 1291 564 1356 unde
588 1312 622 1354 se
637 1293 784 1366 redimat,
806 1289 891 1369 solus
906 1293 1064 1356 uendatur
1079 1293 1216 1374 exceptis

182 1405 301 1466 liberis.
335 1403 506 1466 decimacio
522 1411 626 1466 autem
641 1411 706 1465 tota
721 1393 886 1486 colligatur
900 1425 1003 1486 usque
1018 1405 1057 1466 ad
1072 1404 1217 1466 natiuita-

180 1525 246 1579 tem
267 1515 396 1576 domini.
424 1514 507 1576 filius
530 1515 583 1596 qui
607 1517 637 1576 in
661 1516 754 1576 domo
779 1515 874 1596 patris
898 1523 962 1588 est,
984 1537 1040 1578 seu
1062 1515 1144 1578 filius
1159 1536 1216 1578 seu

181 1647 294 1690 seruus
317 1645 381 1690 non
404 1635 575 1707 separetur,
598 1627 655 1689 sed
677 1626 769 1689 simul
792 1629 867 1691 dent
882 1614 1126 1707 decimacionem
1144 1647 1215 1690 cum

182 1748 283 1820 patre.
310 1759 329 1800 a
349 1737 421 1800 filiis
442 1758 519 1800 uero
543 1747 595 1800 aut
617 1739 729 1812 seruis,
752 1739 805 1820 qui
826 1757 938 1820 perse
959 1737 1080 1804 ¹hahent
1095 1739 1216 1812 domoS,

181 1850 338 1932 accipiant
353 1851 506 1912 decimam
522 1851 560 1912 de
577 1849 721 1910 omnibus
738 1870 800 1931 que
822 1851 948 1912 habent.
978 1850 1003 1912 si
1023 1858 1128 1912 autem
1142 1869 1217 1911 cou-

180 1969 289 2024 tumax
312 1961 422 2044 aliquis
444 1962 637 2043 interogatus
661 1959 815 2022 decimam
837 1961 973 2024 noluerit
993 1959 1134 2024 indicare
1154 1960 1216 2042 pri-

180 2073 283 2135 staldo
300 2071 452 2154 episcopi,
473 2079 539 2133 tum
562 2069 728 2152 pristaldos
744 2091 849 2134 coram
871 2073 994 2134 idoneis
1015 2073 1145 2136 testibus
1161 2073 1216 2135 de·

180 2185 302 2266 signat,
323 2191 475 2266 quantum
490 2184 616 2251 uidetur
632 2203 701 2257 esse
716 2184 857 2246 iustum.-

263 2297 362 2358 linum
384 2297 437 2358 uel
463 2297 616 2358 conabum
642 2303 793 2378 quantum
821 2295 1085 2377 potestpugillus
1110 2293 1214 2376 digitis

178 2409 297 2493 pressis
313 2411 352 2470 ad
372 2417 487 2470 terram
504 2429 664 2490 premere,
695 2408 838 2489 accipiat.
870 2409 896 2470 si
918 2407 1091 2469 trituratam
1117 2425 1217 2468 anno-

179 2544 252 2585 nam
276 2517 449 2595 inuenerit,
475 2520 501 2584 si
525 2521 639 2606 decem⁴
658 2521 736 2582 idrie
757 2520 891 2595 suerint,
919 2519 996 2581 nihil
1016 2519 1159 2603 accipiat,
1188 2520 1215 2583 si

179 2631 291 2715 uiginti
307 2631 357 2694 uel
372 2633 496 2712 plures,
518 2621 820 2712 acci'piat'decimam
834 2639 966 2714 partem·
1002 2643 1004 2650 ’

265 2741 334 2824 (ta)
357 2745 401 2804 Dc
415 2745 609 2822 tittpctortbus
624 2745 803 2804 uenientibus
817 2745 857 2804 ud
871 2746 966 2823 rapoto
977 2745 1140 2823 palacium.
1178 2743 1212 2804 Si

180 2856 251 2939 quis
265 2855 417 2921 nobilium
425 2865 489 2918 seu
505 2855 636 2918 militum
660 2856 692 2916 in
710 2829 828 2916 curiam
845 2874 939 2916 causa
953 2854 1057 2915 licium
1077 2854 1195 2916 uenien

180 2971 220 3033 ad
241 2969 346 3050 regale
367 2969 523 3050 palacium
539 2985 609 3029 cum
626 2987 682 3029 suo
697 2961 852 3048 litigatore
873 2983 937 3026 non
957 2961 1092 3038 steterit,
1115 2971 1146 3027 et
1160 2983 1211 3026 re-

179 3081 232 3164 gio
253 3080 367 3142 nuncio
383 3061 520 3142 ¹uocatus
544 3077 611 3140 sine
633 3079 716 3160 regis
729 3075 867 3138 'licencia
890 3076 1018 3138 domum
1036 3075 1209 3156 perexerit,

179 3179 339 3256 racionem
360 3191 487 3272 perdat,
516 3197 548 3252 et
565 3189 694 3271 insuper
708 3188 735 3250 si
749 3187 824 3270 quid
845 3187 883 3248 ab
900 3206 938 3248 eo
954 3185 1129 3260 abstulerit,
1152 3186 1210 3249 du-

179 3302 304 3385 pliciter
318 3302 438 3363 reddat.
1140 3305 1143 3310 ⁴

264 3409 333 3494 (ta)
355 3414 399 3474 Dc
419 3423 516 3492 spreto
535 3413 622 3492 sipilli
644 3414 718 3490 repis
740 3413 784 3472 uel
805 3413 920 3472 iudicis.
973 3409 1005 3472 Sl
1021 3409 1090 3492 quis
1105 3417 1210 3472 autem

180 3525 274 3606 regis·
288 3525 423 3606 sigillum
443 3544 540 3606 super
561 3523 698 3602 aliquem
723 3519 893 3602 proiciens,
917 3527 948 3584 et
962 3522 1029 3602 ipse
1043 3520 1075 3580 in
1091 3521 1210 3583 curiam

180 3635 292 3698 uenire
306 3635 494 3718 neglexerit,
515 3635 673 3696 racionem
688 3633 803 3714 perdat·
814 3640 845 3694 et
859 3631 998 3714 quinque
1013 3649 1127 3714 pensas
1139 3651 1210 3712 per-

182 3741 298 3820 soluat,
314 3755 345 3808 et
360 3739 614 3828 quociescnnque
630 3743 848 3817 renouauerit,
864 3744 961 3806 tocies
977 3743 1117 3825 quinque
1134 3763 1211 3822 pen-

182 3879 232 3920 sas
247 3841 415 3940 persoluat.
437 3857 463 3919 si
474 3841 550 3918 uero
561 3855 674 3919 iudicis
687 3853 822 3936 sigillum
835 3855 988 3938 proiciens
1001 3875 1064 3917 non
1078 3853 1211 3926 uenerit,

182 3977 308 4032 centum
321 3989 467 4032 nummos
483 3957 612 4030 soluat(
805 3961 807 3966 ’
970 3959 972 3964 ’
1184 3969 1188 3976 ’

502 4216 640 4256 narniam
661 4216 750 4255 rinna
768 4213 889 4260 antuus.
961 4194 962 4198 ’
991 4198 995 4206 “
1147 4185 1149 4193 ⁴
