2920 4758
161 424 363 470 corsrnrrm
384 415 505 468 nnciam
529 423 601 468 ruas
622 419 884 467 aarorormonms
906 409 965 466 etc.
1003 401 1091 466 1228.
1134 401 1194 468 aaa

249 580 306 652 (5)
327 577 408 638 infra
431 583 548 638 rastam
573 594 668 638 unam
693 574 796 637 nullus
821 582 983 655 presumat
1007 574 1193 636 cereuisiam

161 691 314 763 braxare,
344 697 375 751 et
399 688 517 772 siquis
542 687 783 769 presumpserit,
814 685 1009 748 abiudicatus
1035 693 1083 747 est
1103 687 1193 748 bonis

161 803 229 864 suis
246 810 276 864 et
292 802 372 862 collo
387 820 455 862 suo.

168 926 173 932 ”
248 909 307 988 (6)
329 913 379 974 fur
402 913 469 974 siue
493 911 648 982 falsarius,
663 903 701 971 'si
727 909 872 970 inuentus
897 908 1008 982 fuerit,
1034 891 1098 969 non
1118 908 1192 969 alias

161 1025 224 1086 nisi
238 1025 355 1086 ibidem
374 1025 555 1085 suffocetur.

249 1137 309 1212 (7)
331 1143 362 1197 et
382 1134 408 1196 si
424 1135 501 1216 quis·
516 1133 651 1216 aliquem
676 1131 885 1206 interfecerit,
907 1139 1004 1213 caput
1017 1151 1075 1214 pro
1091 1132 1193 1212 capite

163 1247 369 1329 ponderetur.
445 1269 447 1274 ·

249 1359 306 1434 (8)
329 1355 508 1438 quicunque
524 1355 708 1440 temerarius
729 1355 895 1416 intrauerit
910 1356 1037 1416 domum
1054 1353 1193 1428 alicuius,

164 1476 197 1530 et
212 1467 348 1550 aliquem
360 1466 521 1539 occiderit,
543 1466 645 1528 soluat
659 1467 691 1526 ln
707 1467 801 1528 demo
812 1465 854 1526 Vl
868 1465 984 1528 solidos
1000 1473 1032 1528 et
1046 1475 1132 1528 extra
1141 1465 1193 1525 Vl.

249 1581 308 1656 (9)
330 1587 362 1640 31
375 1579 409 1646 ,εἰ
431 1579 507 1640 uelit
528 1577 663 1660 aliquem
684 1577 885 1640 damnificare
907 1577 1072 1651 uiolenter,
1093 1577 1194 1638 soluat

164 1693 283 1756 iterum
298 1691 339 1750 Vl
354 1691 470 1753 solidos
485 1689 517 1750 in
534 1691 625 1752 domo
642 1697 672 1751 et
687 1697 776 1752 extra
790 1689 841 1750 Vl.

249 1803 326 1877 (10)
348 1802 374 1863 si
397 1801 519 1882 alapam
542 1799 673 1876 dederit,
698 1820 792 1862 manu
818 1809 923 1866 careat
947 1807 1001 1862 aut
1025 1800 1052 1861 V
1075 1799 1193 1862 talenta

164 1915 284 1987 soluat,
306 1922 337 1976 et
351 1914 446 1974 iudici
460 1913 584 1974 LXXII.

248 2027 328 2100 (11)
356 2024 439 2086 infra
463 2023 592 2086 milliare
614 2023 714 2097 faber,
741 2031 852 2098 textor,
874 2025 1019 2098 calcifex,
1042 2033 1096 2088 aut
1116 2045 1193 2106 qua-

162 2125 329 2224 liscunque
349 2135 461 2198 artifex
475 2155 538 2196 non
555 2143 750 2216 compareat,
770 2136 830 2197 nisi
845 2137 876 2196 in
892 2137 1003 2197 eadem
1017 2133 1153 2200 ciuitate.

250 2249 330 2321 (12)
353 2247 568 2308 molendinum
583 2248 687 2308 soluat
701 2245 770 2308 Vlll
792 2247 912 2308 modios
928 2246 1059 2328 siliginis
1075 2255 1128 2310 aut
1141 2247 1195 2308 tri-

164 2361 234 2434 tici,
257 2369 288 2422 et
301 2359 343 2419 ΙΙΙ
357 2359 472 2420 solidos
488 2359 700 2420 denariorum.
729 2359 754 2419 si
769 2377 833 2419 non
848 2357 962 2420 sufficit
979 2358 1194 2420 molendinum

164 2471 299 2532 reddere
320 2471 454 2550 istaque
474 2464 676 2550 prediximus,
700 2469 837 2548 pendeat
857 2469 889 2529 in
910 2469 1016 2550 gracia
1036 2469 1145 2552 regine
1164 2477 1195 2532 et

164 2585 198 2646 in
213 2581 342 2644 consilio
359 2583 484 2650 ciuium.

250 2695 330 2770 (13)
352 2695 426 2755 item
441 2691 655 2754 molendinum
672 2693 765 2756 debet
778 2693 896 2756 habere
911 2693 973 2754 XX
993 2694 1104 2776 iugera
1119 2695 1195 2776 agri,

165 2814 198 2870 et
210 2807 254 2869 ΠΙ
267 2807 410 2868 subsides
431 2813 462 2867 et
475 2805 675 2886 piscatorem

250 2917 330 2991 (fl)
352 2911 540 2978 mercatores
564 2917 674 2978 domos
696 2915 850 2979 habentes
870 2916 991 2977 nullum
1013 2917 1196 2979 theloneum

165 3029 306 3101 soluant,
329 3028 385 3089 sed
400 3027 578 3090 intransitu
595 3046 676 3108 aque
692 3027 865 3090 dimidium.

252 3141 332 3214 (15)
353 3139 428 3200 item
444 3139 583 3212 ldetska,
605 3139 688 3200 sicca
701 3139 803 3220 ligna,
823 3139 922 3201 libere
944 3139 1120 3222 herbasque
1140 3140 1197 3201 ha·

166 3252 279 3324 beant,
301 3258 434 3331 excepta
454 3250 549 3312 uiridi
568 3269 696 3331 quercu.
718 3257 827 3330 pastor
844 3269 915 3311 cum
934 3271 1029 3333 grege
1051 3251 1146 3312 uadat
1158 3249 1196 3310 li-

167 3359 243 3424 bere
256 3363 289 3422 in
303 3363 415 3422 eadem
431 3362 528 3442 sylua.

250 3475 326 3548 (16)
347 3473 422 3534 item
444 3471 520 3544 nulli
543 3471 658 3534 indicio
679 3473 863 3536 subiaceant
881 3492 939 3554 pro
962 3471 1026 3536 uita
1049 3480 1079 3534 et
1093 3473 1195 3547 boniS,

165 3585 219 3666 qui
235 3584 422 3656 meruerint,
444 3583 503 3644 nisi
517 3582 549 3643 in
565 3583 675 3644 eadem
691 3584 824 3645 ciuitate.
908 3614 910 3617 f

249 3681 327 3769 (17)
350 3693 444 3756 atilli
465 3693 518 3773 qni
541 3694 669 3754 Petrum
693 3685 876 3756 occiderunt
897 3694 1036 3754 omnium
1057 3693 1194 3758 babeant

164 3807 380 3880 inimiciciam,
401 3814 434 3867 et
447 3825 505 3888 pro
521 3804 775 3868 malefactoribus
790 3805 975 3867 habeantur.

248 3917 325 3992 (18)
348 3915 449 3978 omnis
468 3915 562 3977 bomo
584 3916 615 3976 in
637 3916 690 3978 uia
703 3935 839 3998 pergens
858 3916 941 3978 infra
955 3923 1069 3980 rastam
1084 3937 1196 3999 pacem

164 4029 282 4092 babeat
304 4027 344 4089 de
367 4035 462 4090 manu
483 4045 554 4091 mea
576 4033 607 4089 et
626 4025 763 4091 filiorum
781 4047 941 4104 meorum,
963 4030 1017 4111 qai
1032 4031 1195 4112 pergendo

166 4139 269 4234 querit
283 4140 399 4211 forum.
957 4131 960 4140 “

822 4247 945 4332 ’28
