2920 4758
361 1172 687 1296 sannanim
719 1211 805 1296 111.
842 1209 1035 1298 anors

210 1391 524 1488 arormrrron
550 1393 630 1476 rao
658 1393 823 1483 cronos
851 1393 1188 1480 camoranam.

589 1640 592 1648 ,
611 1585 792 1651 MCLXVII.

533 1755 574 1807 Ex
596 1755 743 1821 apographo
768 1751 863 1808 coevo.

265 2033 358 2094 Anno
377 2031 533 2099 dominico
546 2031 776 2098 incarnacionis
797 2029 979 2096 MCLXVII.
1001 2050 1083 2096 anno
1100 2039 1212 2096 octauo

180 2143 274 2225 regni
288 2142 361 2206 mei.

266 2257 333 2338 Ego
355 2255 532 2337 Stephanus
556 2275 613 2318 rex
635 2255 814 2344 Hungario‚
844 2253 996 2318 Chrcacie
1026 2261 1120 2336 atquo
1139 2251 1213 2314 Dal-

183 2387 295 2430 maore.

269 2479 325 2554 (1)
346 2479 415 2540 iuro
439 2500 497 2561 per
520 2487 657 2542 sanctam
683 2497 807 2541 crucem
836 2477 927 2540 uohis
951 2475 1213 2540 Sebonicensibus

182 2591 262 2654 meis
276 2589 420 2654 fidelibus
435 2589 557 2652 firmam
572 2609 693 2672 pacem.

267 2703 328 2778 (2)
350 2697 472 2764 mihist
486 2699 551 2791 filio
562 2720 635 2764 meo
651 2707 704 2762 aut
717 2699 953 2768 successoribus
967 2699 1045 2762 meis
1059 2697 1215 2762 tributarii

177 2801 226 2877 'nc
241 2814 317 2876 sitis.

165 2983 168 2985 ,
269 2925 331 3000 (3)
351 2923 495 2988 comitem
510 2943 588 2986 nero
611 2931 664 2986 aut
686 2923 821 2986 iudicem
836 2941 930 3006 quem
945 2920 1047 2996 clerus
1069 2926 1101 2980 et
1114 2937 1215 3000 popu-

183 3035 233 3098 lus
249 3027 379 3118 elegerit
393 3035 556 3108 ordinabo,

270 3145 332 3220 (i)
355 3153 385 3208 et
398 3145 469 3228 lege
487 3145 616 3234 antiqua
629 3144 799 3207 constituta
813 3163 870 3206 uos
886 3144 931 3206 uti
946 3142 1131 3226 permittam.

199 3329 201 3336 y
269 3259 327 3332 (5)
348 3265 455 3340 proter
469 3243 556 3339 qnod
577 3257 723 3343 introitus
745 3265 854 3338 portus
870 3255 1004 3318 ciuitatis
1019 3255 1096 3316 duas
1111 3260 1215 3336 partes

183 3387 244 3434 rex
257 3367 373 3433 habeat
387 3369 426 3430 de
442 3367 614 3454 extraneis,
634 3367 764 3432 terciam
779 3387 857 3430 uero
874 3386 979 3458 comes
995 3364 1138 3439 ciuitatis,
1161 3365 1216 3426 de-

185 3480 298 3542 cimam
313 3500 390 3564 uero
406 3478 518 3543 clerus.

270 3592 328 3667 (6)
341 3591 383 3653 -in
402 3591 529 3656 ciuitate
551 3611 677 3673 qnoque
698 3599 804 3666 uestra
822 3591 980 3654 neminem
995 3591 1217 3670 Hungarorum

185 3701 239 3766 nel
254 3703 498 3789 alienigenarum
511 3701 654 3770 habitare
668 3703 863 3784 permittam,
883 3701 945 3764 nisi
961 3721 1056 3788 quom
1070 3681 1217 3762 noluntas

185 3823 293 3876 uestra
307 3813 486 3897 expecierit.
1017 3791 1050 3872 s
1086 3791 1088 3798 ’

205 3973 208 3980 ,
272 3927 334 4006 (7)
357 3945 437 4010 ,cnm
468 3932 572 3989 antem
600 3925 640 4010 ad
668 3943 732 4010 uos
752 3923 950 3987 coronandus
975 3929 1031 4018 aut
1051 3921 1217 3992 uobiscum

185 4038 279 4120 regni
300 4037 434 4120 negocia
455 4044 620 4102 curaturus
642 4037 813 4110 aduencro,
834 4034 952 4098 nemini
971 4009 1087 4096 ciuium
1106 4031 1154 4092 uis
1168 4028 1218 4088 in-

186 4148 307 4214 feratur
330 4149 662 4224 deuteronomium,
682 4148 743 4212 nisi
764 4166 859 4233 quem
880 4144 1006 4235 dileetio
1021 4148 1128 4212 uestra
1148 4157 1217 4204 sus-

186 4259 328 4346 ceperit
360 4311 362 4314 .
405 4314 419 4334 ,,
507 4325 509 4330 ,
