2920 4758
255 389 315 458 lul
355 407 485 458 creme
497 409 540 457 u.
560 404 654 456 esan
674 407 824 456 amoenas
844 408 1150 458 mmasncmonmr.
1193 393 1301 459 1206.

254 573 319 631 tem
333 563 577 647 inuiolatamque
592 563 710 628 debere
724 583 931 639 conseruare,
945 564 1074 647 speciali
1088 573 1195 630 tamen
1207 585 1303 650 qua-

256 677 328 740 dam
352 676 561 739 familiaritate
586 675 700 738 boram
721 675 844 739 utilitati
864 695 901 738 ac
922 675 1020 758 quieti
1038 685 1185 740 tenemur
1198 677 1300 741 insu-

256 791 348 862 dare,
363 807 443 871 quos
457 795 488 850 et
501 787 648 852 nobilitas
663 788 788 870 generis
804 796 936 851 exornet
952 796 982 850 et
996 789 1128 870 prouida
1142 790 1297 871 priorum

255 918 366 982 regum
389 897 580 962 deliberacio
605 897 805 980 accepciores
836 897 985 961 habuisse
1010 899 1221 980 dignoscitur,
1255 905 1298 962 et·

257 1011 331 1092 dign
347 1051 545 1072 .........
569 1009 703 1090 proinde
723 1051 828 1071 .....
848 1008 990 1090 hospites
1012 1009 1103 1091 regni
1125 1009 1164 1072 de
1189 1011 1293 1074 tribus

256 1119 339 1182 uillis
350 1096 581 1182 Ultlasiluanis:
596 1118 722 1181 Karalco
733 1117 890 1192 uidelicet,
905 1118 1133 1200 Cbrapundorf
1138 1125 1170 1182 et
1181 1121 1291 1194 Rama,

258 1251 337 1314 quos
353 1251 392 1293 ex
407 1231 642 1313 progenitorum
657 1238 834 1292 nostrorum
849 1228 1036 1303 tradicione,
1051 1229 1215 1294 sollicitam
1230 1233 1290 1294 ad-

257 1342 402 1404 hibentes
426 1341 739 1422 circumspectionem
760 1341 862 1422 megis
877 1348 947 1422 pret
960 1381 1136 1402 ........
1157 1350 1192 1404 ut
1207 1343 1285 1405 alios

257 1453 347 1536 regni
368 1453 466 1514 nostri
480 1451 618 1533 hospites
633 1451 856 1533 cognocimus,
877 1451 1044 1533 benignius
1058 1453 1230 1526 intuentes,
1252 1461 1284 1514 et

258 1583 368 1626 eorum
390 1561 549 1625 securitati
570 1581 608 1626 ac
628 1561 741 1634 malui,
761 1561 851 1644 regio
865 1562 1113 1624 mansuetudinis
1127 1562 1280 1625 beneficio

257 1673 452 1756 postulante,
466 1672 520 1734 tali
533 1691 588 1734 eos
604 1671 645 1733 ob
658 1672 889 1752 reprimendam
907 1681 1105 1754 posterorum
1119 1693 1282 1754 presump-

259 1784 382 1846 cionem
395 1782 549 1846 libertatis
562 1781 683 1862 gracia,
701 1801 794 1864 quam
809 1790 842 1844 et
855 1789 1091 1846 antecessorum
1106 1791 1282 1845 nostrorum

258 1891 431 1974 priuilegiis
445 1891 625 1965 obtinuere,
647 1875 839 1956 dotauioius:

342 1999 393 2083 (1)
414 2003 500 2084 quod
521 2021 627 2064 coram
646 2003 732 2065 nullo
752 2023 880 2085 prorsus
901 2002 1005 2066 iudice
1024 2003 1057 2064 in
1071 2004 1202 2086 agendis
1218 2005 1285 2086 qui-

257 2113 395 2177 buslibet
415 2111 480 2175 suis
505 2113 608 2175 causis
633 2114 758 2176 adstare
785 2113 981 2196 aliquatenus
1006 2122 1192 2190 teneantur,
1227 2133 1284 2178 nec

258 2225 311 2288 nai
327 2267 456 2286 ......
478 2243 535 2287 suo
562 2223 687 2288 adstare
712 2224 827 2287 iudicio
853 2225 1036 2307 compellat,
1062 2245 1121 2308 pro
1143 2233 1284 2308 tempore

260 2335 447 2398 constitutus
461 2333 662 2398 ultrasilues.

342 2443 389 2526 (2)
421 2447 485 2507 Nec
509 2446 620 2526 aliquis
648 2447 855 2510 uaiuedarum
886 2449 1080 2512 descendere
1113 2469 1209 2531 super
1232 2471 1287 2512 eos

260 2555 375 2638 possit,
396 2555 456 2617 nisi
477 2575 495 2617 a
516 2557 743 2621 beneuolencia
764 2573 874 2622 eorum
894 2560 1043 2622 inuitatus
1062 2560 1158 2624 fuerit
1173 2562 1212 2624 ab
1227 2563 1286 2624 eis-

262 2669 345 2730 dem.

343 2777 388 2861 (3)
408 2780 434 2842 Α
456 2779 657 2842 collectarum
677 2782 837 2864 atquibus
858 2781 926 2844 aliis
949 2783 1089 2846 Saxones
1110 2783 1287 2866 obligantur

260 2890 323 2954 sint
335 2888 489 2954 immunes
504 2889 719 2972 pensionibus.
746 2912 806 2954 nec
824 2893 867 2953 eb
887 2894 1062 2956 custodiam
1077 2894 1286 2957 confiniorum

253 3003 417 3066 'excubent
435 3001 669 3083 exploracione.
704 3022 808 3084 neque
831 3001 931 3065 eciam
949 3003 1009 3065 nisi
1031 3005 1157 3085 quando
1178 3024 1236 3066 rex
1254 3004 1286 3065 in

260 3113 390 3194 propria
404 3131 538 3194 persona
553 3155 656 3174 .....
679 3113 882 3193 precesserit,
903 3115 935 3174 in
951 3114 1122 3176 exercitum
1137 3115 1184 3178 ire
1200 3123 1287 3178 tene-

261 3230 362 3287 antur.

345 3331 392 3415 (l)
413 3333 620 3398 Concedimus
638 3333 738 3397 eciam
759 3335 879 3398 eisdem
894 3337 981 3418 quod
1000 3337 1175 3399 secundum
1192 3338 1286 3400 ritum

262 3466 319 3510 sue
341 3445 441 3528 gentis
462 3445 619 3519 uiuentes,
640 3465 744 3528 neque
767 3447 807 3508 de
826 3447 938 3521 uineis,
958 3467 1036 3530 quas
1052 3448 1112 3529 ipsi
1127 3447 1289 3528 plantaue-

261 3559 339 3631 rint,
366 3557 458 3620 alicui
479 3573 615 3637 persone
636 3556 751 3620 tributa
770 3559 968 3639 persoluere,
995 3579 1100 3640 neque
1122 3561 1162 3620 de
1185 3561 1288 3640 porcis

262 3667 315 3730 uel
329 3667 440 3730 ceteris
455 3667 640 3730 animalibus
655 3669 735 3742 suis,
762 3689 825 3751 que
838 3669 871 3730 in
884 3669 984 3732 libera
998 3689 1108 3732 eoram
1122 3669 1202 3733 silua
1218 3691 1289 3753 pas-

263 3784 386 3849 cuntur,
414 3775 533 3858 aliquid
555 3777 648 3840 alicui
668 3779 794 3842 nomine
812 3767 1009 3842 decimarum
1032 3770 1085 3844 uel
1099 3780 1289 3844 tributorum

264 3887 400 3954 debeant
416 3886 617 3970 impendere,
643 3890 700 3952 sed
722 3891 807 3952 omni
823 3890 984 3954 curiarum
1005 3933 1289 3958 ..........

264 4041 428 4060 cccccc
451 4032 1290 4067 (000ooeoeeoooeeteoooooeuoedu'

264 4155 273 4174 .
325 4155 639 4176 ...........
659 4113 863 4195 protectionis
882 4113 916 4178 in
927 4119 1118 4198 perpetuum
1132 4117 1292 4199 gaudeant

263 4223 445 4290 munimine.
478 4256 479 4260 ¹
846 4279 848 4284 .
1142 4246 1146 4254 ·
