2920 4758
323 433 503 483 rnrurson
525 433 681 485 nconrsns
704 434 930 488 zsemrrsssu.
959 419 1061 490 datr.
1155 419 1216 486 au

265 587 315 671 (d)
334 589 503 654 Statuimus
518 590 620 658 eciam
633 589 766 655 firmiter
779 597 815 658 ul
828 588 964 672 populns
980 590 1126 665 ecclesie,
1147 591 1215 658 siue

167 702 222 765 sit
236 701 397 782 episcopi,
418 700 486 762 siue
501 700 541 762 sit
556 699 697 782 capituli,
717 699 881 768 iunuullius
896 700 967 764 foro
985 701 1135 768 tributum
1152 701 1217 764 sol·

169 830 258 874 uere
270 817 409 892 cogatur.
420 829 488 872 uec
499 810 598 881 eciam
613 810 767 876 tributarii
781 811 833 878 uel
844 810 984 874 culinarii
994 811 1089 892 regis,
1104 828 1217 874 caussa
1336 888 1343 898 .

173 921 359 984 exercende
375 941 433 985 sue
447 920 697 1002 negociacionis,
720 929 830 984 contra
845 921 986 1002 episcopi
1001 920 1214 996 uoluntatem,

173 1033 233 1096 uel
253 1031 436 1096 officinlium
460 1051 589 1094 suorum
611 1033 651 1094 ad
673 1031 802 1112 aliquod
823 1031 926 1094 iorum
954 1031 1095 1114 episcopi
1125 1053 1215 1097 acoe-

175 1146 256 1207 dere
281 1151 480 1226 presumant,
512 1151 543 1205 et
567 1143 592 1205 si
613 1142 735 1205 inuenti
758 1141 890 1217 luerint,
926 1143 1010 1226 capti
1033 1145 1213 1210 incarcere
1272 1222 1281 1238 ν

175 1254 388 1337 quadraginta
413 1254 524 1316 diebus
554 1253 771 1328 detineantur,
803 1271 912 1321 omues
937 1274 990 1320 res
1014 1275 1103 1331 suas,
1134 1274 1212 1340 quas

173 1374 393 1448 tuncpergase
411 1365 548 1439 hahent,
571 1366 758 1472 amittentes.
1196 1435 1198 1438 ,

262 1473 309 1558 (3)
330 1477 418 1540 Istud
437 1476 606 1558 specialius
621 1475 798 1544 adiiciendo
820 1477 994 1552 statuimus,
1016 1479 1118 1562 quod,
1139 1479 1214 1544 licet

173 1605 342 1670 nunquam
361 1595 489 1650 moneta
512 1587 626 1668 regalis
646 1586 679 1648 in
692 1605 799 1669 regno
820 1589 964 1662 danatus,
986 1589 1054 1652 siue
1071 1591 1212 1666 ducatus,

173 1701 272 1762 fuerit
286 1701 326 1760 ab
342 1699 446 1782 aliquo
461 1719 537 1781 rege
552 1699 652 1773 meta,
674 1706 780 1762 tamen
802 1719 820 1762 a
839 1701 1076 1769 successoribus
1090 1703 1208 1768 nostris

174 1810 293 1874 sideri
315 1811 489 1894 continget,
516 1810 607 1892 ¹quod
623 1809 889 1884 concredimus,
919 1811 1055 1892 populus
1077 1812 1209 1878 ecclesie

174 1930 240 1983 mm
255 1921 415 2002 episcopi,
437 1939 531 2002 quum
552 1919 678 2003 capituli
699 1921 905 1990 mercimonia
929 1942 986 1990 sua
1001 1924 1142 1990 emendo
1157 1923 1211 1988 uel

175 2031 347 2094 uendendo
374 2033 449 2093 dare
473 2049 537 2092 non
562 2031 766 2113 compellatur
790 2051 849 2114 pro
875 2035 996 2096 eadem.
1027 2053 1086 2096 nec
1109 2036 1209 2099 eciam

173 2142 342 2205 monetarii
363 2143 403 2204 ad
425 2137 552 2224 aliquod
573 2143 677 2205 iorum
699 2143 857 2225 episcopi,
894 2163 1005 2206 caussa
1030 2149 1208 2210 exercende

174 2261 301 2316 monete
327 2255 478 2317 accedere
502 2255 607 2336 aliquo
634 2256 729 2318 modo
754 2263 946 2335 presumant.
979 2263 1010 2318 et
1035 2257 1062 2319 si
1086 2256 1208 2320 inuenit

173 2366 293 2430 fuerint
315 2382 373 2454 per
393 2367 460 2428 XL.
482 2367 550 2428 dies
563 2365 654 2451 'capti
671 2367 711 2428 ab
726 2365 1074 2452 officialibusepisoopi
1092 2369 1125 2446 in
1139 2389 1209 2431 car-

174 2497 247 2541 cerc
270 2462 479 2551 detineantur,
501 2497 612 2540 omnes
634 2497 685 2543 res
706 2496 796 2556 suas,
819 2498 898 2562 quas
919 2486 994 2541 tuno
1014 2493 1089 2563 erga
1103 2501 1137 2543 se
1151 2479 1209 2543 ha-

85 2607 94 2616 ·
172 2589 318 2662 buerius,
339 2589 523 2650 amittendo.

256 2697 304 2782 lle)
326 2699 393 2762 Hec
407 2701 503 2782 igitur
516 2701 621 2762 omnia
635 2700 796 2782 predicta,
813 2707 836 2767 'a
851 2701 942 2765 nobis
962 2708 993 2764 et
1008 2721 1026 2764 a
1039 2705 1210 2784 predeces-

177 2813 300 2876 soribus
320 2813 433 2874 nostris
454 2820 585 2886 statuta,
607 2832 669 2894 que
690 2814 728 2874 ab
749 2813 794 2874 eis
816 2821 847 2875 et
869 2814 992 2875 anobis
1007 2833 1108 2894 usque
1124 2833 1208 2878 nunc

177 2931 250 2985 sunt
265 2922 444 2996 obseruata,
459 2923 503 2986 sic
519 2921 652 2986 firmiter
663 2923 696 2984 in
712 2929 935 3003 perpetuumu
951 2922 1023 2984 filiis
1035 2931 1072 2985 et
1083 2923 1210 2986 heredi-

176 3034 235 3096 bus
250 3033 367 3096 nostris
382 3035 528 3096 uolumus
544 3017 723 3106 obseruari,
745 3041 779 3096 ot
798 3033 831 3103 in
850 3031 936 3096 nullo
952 3033 1106 3096 excedere
1121 3035 1209 3096 uide-

176 3152 270 3208 antur
292 3147 486 3226 acceptaodo
509 3145 628 3228 aliquid
650 3153 760 3208 contra
781 3145 851 3208 iura
872 3145 1015 3228 predicta
1029 3165 1090 3226 que
1111 3153 1209 3210 tama

176 3257 280 3330 nobis,
311 3275 405 3338 quam
430 3275 449 3318 a
472 3255 568 3330 tratre
594 3263 720 3330 nostro,
753 3255 853 3326 felicis
879 3257 1113 3326 recordacionis
1133 3275 1209 3342 rege

176 3368 327 3443 ilenrico,
355 3375 455 3450 quam
480 3368 580 3432 eciam
609 3367 823 3440 niundators·
842 3369 986 3451 predicto
1008 3370 1207 3432 sanctissimo

175 3499 253 3562 rege
277 3478 451 3554 Ladislao,
468 3479 644 3548 ¹ueleuiam
666 3481 705 3542 ab
719 3479 793 3545 aliis
808 3479 957 3562 ¹regibus,
986 3480 1054 3546 siue
1076 3479 1208 3544 ducibus

175 3599 248 3654 sunt
264 3591 379 3654 collata
395 3599 426 3654 et
443 3611 604 3655 concessa.
697 3605 710 3640 -’

234 3721 238 3726 ·
259 3699 304 3784 (5)
326 3703 379 3778 Er,
400 3701 427 3766 si
442 3703 554 3784 aliquis
574 3703 675 3766 banus
697 3703 772 3774 siue,
787 3703 850 3775 dux
872 3703 991 3784 aliquid
1007 3705 1116 3766 contra
1136 3725 1209 3786 pre·

175 3815 257 3878 dicta
279 3815 350 3878 iura
373 3821 526 3878 attentare
547 3815 770 3896 presumserit,
792 3815 879 3894 quod
900 3815 1160 3890 non'credimus,
1181 3815 1208 3880 si

174 3926 272 3990 fuerit
287 3925 329 3988 de
341 3925 443 4008 regali
457 3925 626 4008 progenie,
647 3933 780 4016 peterna
794 3925 1016 3989 maledictione
1032 3927 1210 4010 incompre-

172 4035 338 4102 hensibilis
358 4037 574 4104 amaritudinis
596 4031 833 4121 inperpetuum
852 4038 1062 4121 percociatur,
1083 4047 1115 4105 et
1127 4057 1208 4106 nun·¹

175 4169 271 4238 quem
286 4151 335 4216 ad
342 4167 502 4226 roronem,
522 4169 618 4236 quarn
634 4148 825 4220 hereditario
839 4149 915 4222 iure·
927 4150 1046 4222 habere
1061 4150 1207 4226 debebat,

171 4260 274 4360 possit
288 4261 485 4360 paninperc,
503 4261 562 4338 sed
576 4267 642 4334 toto
657 4269 800 4361 tempore
820 4263 894 4338 uitet
906 4281 963 4341 eae
982 4262 1153 4360 citamus,
1175 4266 1208 4338 et
