2920 4758
135 475 287 522 ananan
298 476 332 520 ιι.
346 471 436 518 neers
451 471 651 518 nonancurun
665 471 705 516 na
721 469 926 516 naronnmoo
938 459 998 515 eto.
1014 450 1103 514 mae.
1124 433 1185 514 tat

241 628 300 703 (3)
321 605 398 688 Item
416 625 576 698 faciamos,
595 625 679 706 quod
695 623 798 697 ludei,
820 622 985 684 Sarraceni
1000 644 1056 684 seu
1069 624 1185 684 Ismah-

135 740 227 814 lite,
251 741 291 802 de
312 746 418 800 cetero
440 737 531 798 certis
551 735 646 817 signis
666 735 895 816 distinguantur
917 743 948 796 et
968 721 1185 796 discernantur

141 873 169 915 a
188 850 386 914 Christianis.

242 963 301 1039 (d)
323 963 399 1024 Item
421 981 485 1022 non
508 959 723 1041 permittemus
747 959 877 1031 Iudeos,
901 959 1089 1020 Sarracenos
1118 959 1184 1020 siue

142 1074 329 1137 Ismahlitas
351 1071 504 1153 mancipia
521 1070 689 1132 christiana
705 1089 825 1143 emere,
848 1068 897 1132 uel
913 1069 1029 1131 hahere
1045 1089 1186 1152 quocun·

148 1208 220 1271 que
237 1185 341 1247 modo,

241 1297 300 1372 (5)
321 1296 360 1356 Et
385 1296 592 1376 promittimus
618 1289 675 1376 per
699 1313 757 1354 nos
783 1303 813 1356 et
838 1313 1036 1355 successores
1061 1302 1185 1355 nostros

151 1407 349 1469 constituere
372 1406 501 1488 singulis
517 1407 605 1467 annis
625 1414 656 1467 et
670 1406 745 1466 dare
760 1403 948 1477 Palatinum,
970 1404 1021 1466 uel
1036 1404 1129 1465 elium
1146 1405 1184 1466 de

151 1517 400 1598 iohhagionibus
420 1517 548 1589 nostriS,
575 1535 669 1598 quem
691 1516 899 1589 uoluerimus,
920 1515 994 1578 fidei
1015 1515 1186 1578 christiane

152 1628 344 1701 zelatorum,
375 1647 469 1708 quem
493 1627 643 1688 faciemus
669 1627 789 1700 iurare,
819 1627 903 1708 quod
928 1627 1107 1688 mandatum
1129 1645 1187 1686 no-

154 1746 257 1802 strum
281 1739 457 1799 secundum
488 1738 547 1798 ista
576 1736 711 1798 fideliter
734 1737 917 1818 adimplebit
937 1737 975 1797 ad
997 1736 1186 1818 peticionem

156 1849 317 1931 episcopi,
339 1848 371 1909 in
394 1849 481 1910 cuius
501 1849 617 1910 diecesi
639 1856 726 1921 sunt,
747 1847 799 1909 uel
822 1856 913 1910 erunt
930 1847 1033 1921 iudei,
1055 1835 1186 1929 pagurii,

156 1963 211 2024 uel
225 1959 382 2024 Ismaiilite
395 1970 428 2022 ut
439 1959 631 2022 Christianos
648 1959 814 2022 extrabant
829 1979 847 2020 a
862 1961 999 2021 dominio
1015 1970 1045 2023 et
1060 1959 1188 2021 cohabi-

156 2073 283 2136 tacione
308 2072 568 2133 Sarracenorom:
592 2079 640 2144 et,
663 2069 691 2131 si
715 2071 769 2151 qui
794 2071 914 2132 inuenti
937 2072 1053 2133 suerint
1077 2079 1187 2132 contra

157 2183 220 2246 hec
235 2183 402 2246 Christiani
419 2182 633 2244 cohabitantes
648 2181 841 2254 sarracenis,
861 2181 912 2240 uel
923 2181 1085 2242 Sarraceni
1100 2200 1188 2242 man-

158 2296 241 2376 cipia
265 2294 433 2356 christiana
457 2295 620 2366 habentes,
651 2293 726 2354 item
751 2292 918 2354 Christiani
944 2293 1186 2354 Sarracenorum

157 2405 213 2468 uel
236 2405 400 2467 Sarraceni
420 2405 666 2466 Christianorum
695 2405 979 2486 quomodocunque
1004 2405 1187 2466 mulieribus

159 2517 298 2598 copulati
313 2517 380 2578 siue
396 2517 434 2578 ab
449 2517 553 2598 specie
569 2516 774 2590 matrimonii,
796 2517 862 2577 siue
878 2516 939 2577 alio
954 2517 1066 2590 modo,
1088 2517 1188 2578 bono-

158 2649 230 2691 rum
249 2630 387 2690 omnium
402 2629 620 2712 publicacione
634 2637 696 2690 tam
709 2628 886 2702 Christiani,
908 2650 1001 2710 quam
1013 2629 1115 2702 iudei,
1136 2631 1189 2690 uel

159 2742 276 2824 pagani
290 2739 470 2814 multentur,
492 2749 523 2804 et
537 2739 738 2802 nihilominus
753 2743 783 2802 in
800 2741 983 2803 seruitutem
996 2741 1189 2803 Christiano-

157 2871 229 2914 rum
244 2868 300 2933 per
313 2871 422 2933 regem
437 2859 591 2932 perpetuo
608 2853 809 2932 deputentur.

243 2963 302 3038 (6)
324 2963 401 3025 Item
416 2963 560 3024 uolumus
576 2971 607 3025 et
621 2965 824 3026 concedimus
841 2963 926 3044 quod
942 2941 1074 3024 ecclesie
1089 2961 1188 3024 libere

159 3081 287 3158 portent
302 3075 382 3136 sales
397 3093 470 3135 suos
486 3075 526 3135 ad
543 3075 689 3136 ecclesias
704 3075 799 3156 ipsas,
822 3082 853 3138 et
870 3051 911 3136 ibi
928 3075 985 3136 sub
999 3073 1102 3156 sigillo
1117 3072 1189 3135 sali·

159 3187 337 3260 uariorum,
360 3193 392 3248 et
407 3185 517 3266 prelati
534 3185 617 3248 illius
633 3185 783 3261 ecclesie,
804 3187 913 3268 inqua
928 3187 1009 3249 sales
1026 3189 1190 3267 deponun-

159 3307 210 3362 tur
224 3297 277 3379 qui
297 3317 354 3378 pro
369 3306 509 3378 tempore
525 3277 657 3371 inerint,
679 3298 888 3378 deponantur,
910 3299 1107 3380 depositique
1123 3317 1189 3359 ser·
1211 3337 1220 3343 -

159 3417 278 3470 nentur
292 3428 391 3489 usque
413 3409 453 3469 ad
475 3417 600 3470 octauas
621 3429 645 3470 s.
659 3409 808 3490 Stephani
830 3396 930 3491 regis,
952 3419 983 3472 et
998 3419 1070 3471 tunc
1085 3407 1188 3470 abillo

160 3520 212 3582 die
227 3539 328 3600 usque
343 3521 383 3581 ad
397 3520 591 3582 natiuitatem
607 3521 640 3580 B.
652 3521 686 3581 U.
698 3521 795 3582 Marie
810 3521 951 3584 soluatur
966 3523 1010 3584 eis
1027 3529 1190 3603 argentum

162 3653 219 3714 pro
239 3631 473 3712 salibus,·quos
488 3640 561 3694 tnnc
576 3631 708 3694 ecclesie
731 3633 896 3694 habuerint
916 3653 1014 3714 penes
1029 3651 1062 3694 se
1078 3651 1190 3694 secun-

162 3744 237 3805 dum
253 3742 488 3804 estimacionem
502 3743 632 3805 inferius
647 3743 835 3804 adnotatam.

246 3856 302 3928 (7)
324 3854 363 3916 Et
377 3853 402 3916 si
416 3853 448 3913 in
462 3853 514 3914 illo
530 3861 670 3934 tempore
691 3854 751 3936 ipsi
773 3831 911 3916 salinarii
929 3853 1014 3936 ipsos
1029 3854 1109 3918 sales
1127 3875 1191 3917 non

161 3972 306 4028 emerent
326 3972 358 4026 et
377 3963 518 4028 ecclesiis
541 3947 719 4045 argentum,
740 3965 915 4027 secundum
938 3967 1052 4028 dictam
1067 3965 1192 4028 estima-

162 4069 287 4141 cionem
308 4097 372 4139 uon
393 4059 571 4151 abluerent,
601 4097 640 4140 ex
661 4085 735 4142 tunc
755 4077 840 4140 omni
860 4086 1001 4160 tempore
1023 4078 1103 4140 sales
1121 4077 1191 4140 illos

161 4173 195 4256 iu
210 4191 375 4274 proprium
395 4169 488 4256 usum
509 4189 640 4255 ecclesie
660 4192 869 4276 percipientes
883 4167 1023 4286 pendant
1035 4191 1121 4257 iuxta
1135 4208 1191 4254 sue

164 4303 327 4384 arbitrium
350 4302 537 4388 uoluntatis,
569 4305 871 4388 monachorum,
900 4279 990 4401 quot
1005 4305 1192 4378 deberemus
