3048 4760
295 401 357 486 did
396 403 528 485 annnam
543 437 589 484 ιιι
602 433 859 486 memorareris
871 433 1153 484 uarrnnmoornu.
1175 415 1266 484 rust.

295 575 402 656 larum
413 574 623 658 monumentis
636 593 676 656 ab
685 589 846 656 obliuione
857 573 1074 656 uindicentur:
1089 609 1188 674 quum
1199 591 1328 656 tandem

296 701 467 785 aliquando
481 721 613 785 regnum
632 700 696 770 boc
711 709 854 768 nostrum
875 707 948 785 post
961 709 1007 765 tot
1020 699 1138 778 clades,
1159 709 1191 766 et
1205 699 1329 768 desola-

296 813 414 887 ciooes,
430 813 641 894 desideratam
654 833 766 896 pacem
780 821 923 887 nactum,
937 795 1098 895 regnicole
1110 833 1238 896 quoque
1252 813 1330 877 ube·

295 923 386 988 rioris
407 925 490 1008 pacis
513 931 544 988 et
565 925 804 990 commodorum
825 925 1054 987 incrementum
1068 922 1221 1006 consequi
1241 921 1330 988 uale-

296 1042 366 1110 ant,
394 1055 452 1098 nos
474 1035 574 1099 eciam
595 1055 636 1101 ex
656 1036 744 1119 regie
765 1035 938 1100 clemencie
958 1035 1179 1098 habundancia
1199 1034 1234 1098 in
1255 1053 1327 1100 cam

295 1148 491 1230 potissimum
513 1167 620 1211 curam
640 1147 865 1243 incumbimus,
893 1153 930 1211 ut
950 1147 1008 1210 sub
1026 1145 1113 1233 dulei
1137 1146 1220 1210 elme
1239 1147 1326 1230 pacis

297 1259 424 1334 umbre,
446 1279 556 1322 omnes
571 1259 689 1323 ordinis
701 1261 800 1347 'regni
821 1247 939 1334 nostri,
960 1257 1155 1342 grauissimis
1169 1259 1244 1322 belli
1260 1279 1328 1344 rno-

298 1367 380 1433 tibus
401 1369 532 1444 attritos,
559 1369 709 1456 paulatim
727 1368 914 1444 restaurari,
945 1378 977 1433 et
996 1371 1143 1454 renouari
1165 1369 1328 1454 faciamus,

297 1473 456 1548 ut't'aliter
469 1469 554 1545 idem
573 1471 708 1566 regnum
729 1475 888 1557 nostrum,
900 1475 941 1545 ¹iu
962 1461 1127 1564 pristinum
1141 1473 1232 1546 edum
1246 1477 1328 1546 nito·

296 1613 380 1670 rem,
400 1613 465 1676 quo
486 1591 519 1656 id
539 1592 606 1657 tieri
628 1600 746 1676 potest,
767 1583 955 1676 repensatum
977 1602 1009 1657 ct
1023 1593 1097 1678 quia
1117 1594 1199 1658 iuter
1220 1593 1327 1656 omnia

297 1703 373 1766 boni
394 1701 511 1786 publici
530 1705 728 1794 restaurandi
747 1712 966 1796 monumenta,
988 1701 1028 1768 ex
1042 1705 1232 1767 minerarum
1246 1723 1326 1786 quo-

297 1837 377 1900 que,
403 1815 437 1879 in
457 1816 632 1882 uisceribus
650 1823 735 1881 terre
757 1815 943 1902 plerumque
969 1817 1168 1892 berencium,
1196 1815 1328 1898 diligen·

298 1913 508 1993 eioricultura
517 1927 665 1992 uberiora
676 1929 842 1992 commoda
853 1937 884 1993 et
895 1927 1108 1992 emolumenta
1117 1929 1150 1991 in
1160 1929 1327 1991 uniuersos

299 2038 384 2103 ciues
399 2039 559 2104 dimanare
577 2040 880 2104 animaduertamus:
902 2039 1036 2122 proinde

300 2173 303 2178 ·
380 2148 426 2233 (l)
448 2150 561 2215 ilsdem
585 2151 762 2234 hospitibus
784 2151 965 2227 Austriacis,
984 2172 1043 2235 pro
1064 2151 1141 2216 ferri
1161 2148 1287 2216 fabricis
1309 2162 1327 2214 c'

296 2261 370 2330 loco
383 2261 625 2328 Eisen-Uurezel
646 2281 718 2329 cum
731 2259 920 2327 ailidncione
941 2264 978 2354 in
997 2263 1054 2328 bas
1074 2272 1174 2328 terras
1188 2263 1328 2328 llltrmd-

298 2393 397 2438 nanee
419 2373 551 2449 uocatis,
580 2381 612 2438 et
631 2373 694 2437 bno
716 2371 858 2450 illocalis,
888 2393 1062 2458 eorumque
1083 2377 1329 2451 successoribus,

300 2485 444 2548 eamdem
458 2483 634 2548 libertatem
654 2493 686 2548 et
702 2485 812 2549 eadem
826 2486 910 2560 iura,
931 2488 972 2552 ad
986 2487 1101 2570 que‘ob
1115 2486 1210 2552 inicio
1224 2489 1336 2558 uocati-

300 2595 445 2670 luerunt,
458 2603 660 2690 rennuentes,
674 2605 707 2660 et
720 2605 882 2680 augentes,
901 2616 959 2662 nos
974 2619 1101 2683 quoque
1117 2599 1329 2676 concedimus,

299 2716 335 2770 ut
348 2705 487 2791 bospites
501 2705 723 2791 magistrique,
745 2715 777 2772 et
791 2707 867 2772 ferri
881 2706 961 2772 labri
969 2756 977 2784 ,
999 2727 1175 2794 eorumque
1190 2709 1329 2774 collabo-

300 2827 418 2893 rantes,
438 2817 512 2882 ierri
533 2818 657 2882 lusores
679 2829 711 2883 et
729 2819 878 2894 cultores,
899 2839 937 2882 ac
956 2839 1065 2884 omnes
1084 2821 1278 2884 laboratores
1297 2821 1330 2884 in

301 2951 409 2995 eorum
424 2931 605 2994 societatem
619 2931 693 2994 bine
711 2929 784 2994 inde
799 2931 1061 3008 condescensuri,
1080 2931 1195 2996 iisdem
1209 2931 1330 2997 iuribus

175 3025 177 3030 ’
298 3042 506 3117 libertatibus,
528 3050 559 3105 et
580 3041 762 3117 indultibus,
784 3045 900 3126 adque
924 3044 1027 3107 uocati
1045 3043 1174 3123 inerint,
1197 3043 1330 3108 debinc

299 3173 428 3237 quoque
443 3153 501 3228 uti,
515 3154 578 3216 frui
593 3162 624 3216 ct
638 3137 793 3235 gaudere,
808 3155 848 3218 ad
863 3155 960 3218 instar
974 3153 1186 3239 reliquorum,
1200 3155 1233 3219 iu
1246 3157 1329 3220 dieta

300 3267 425 3328 dustria
459 3264 613 3348 superiori
642 3267 879 3330 constitutorum
908 3261 1164 3351 metallurgorum
1188 3247 1231 3332 et
1254 3267 1330 3332 ierri

300 3363 460 3439 fabrorum
477 3374 536 3448 uti,
556 3373 618 3436 irui
632 3380 664 3438 et
678 3377 816 3457 gaudere
830 3367 952 3460 possint
965 3358 1218 3462 inperpetuum

327 3501 328 3504 ’
383 3484 429 3569 (2)
451 3486 584 3549 censum
597 3505 724 3570 quoque
738 3488 778 3551 ad
799 3489 897 3553 instar
911 3486 1034 3554 illarum
1053 3471 1177 3554 soluere
1199 3475 1330 3554 nonre-

299 3595 430 3674 cusent',
451 3617 552 3694 eaque
574 3587 729 3681 perpetua'
740 3596 905 3684 ‘gaudeant
924 3587 1147 3666 iurisdictionis
1168 3603 1329 3680 libertate,

300 3705 336 3777 ‘ut
356 3703 516 3795 proprium
538 3732 665 3794 semper
677 3705 815 3776 babeant
833 3707 1046 3796 magistratum
1062 3717 1094 3778 et
1107 3700 1257 3805 iudicem,
1279 3736 1329 3779 se-

300 3823 470 3908 nioresque
498 3823 655 3906 egremio
674 3824 799 3888 illorum
820 3845 879 3906 per
898 3823 997 3910 libere
1018 3804 1094 3890 nota
1115 3821 1277 3910 eligendos
1296 3837 1331 3892 et

298 3935 550 4013 'constituendosr
570 3953 677 4000 coram
692 3919 806 4018 quibus
821 3943 853 3999 et
867 3935 976 4000 nullibi
991 3935 1081 4012 alibi,
1102 3927 1208 4020 preter
1221 3947 1329 4002 nostre

296 4031 484 4121 'maiestatis,
505 4051 559 4109 aut
572 4043 685 4108 iudicis
700 4045 948 4111 Tauernicorum
964 4044 1149 4113 consuetum
1168 4047 1229 4113 iuri
1243 4024 1329 4114 stare

296 4151 476 4233 teneantur,
496 4171 555 4219 nec
569 4153 853 4248 iudicariporsint,
949 4247 952 4252 Ι
996 4183 998 4186 ·
1130 4153 1132 4158 ’
1241 4155 1243 4160 ⁴
