2924 4758
296 396 357 464 als
471 415 497 463 s.
509 415 663 464 arcanam
684 416 774 464 meu
794 415 1003 464 crenaronmr
1022 417 1116 467 crona
1134 418 1156 464 r.

297 574 415 650 ciendi,
436 581 468 638 et
489 595 508 639 n
527 573 653 638 nemine
674 575 790 638 iterum
804 581 933 657 cogatur
946 573 978 636 in
993 573 1182 656 coniugium.
1205 572 1232 638 si
1247 593 1326 638 uero

295 695 416 750 mutato
431 695 507 750 uoto
520 687 632 750 iterato
647 687 767 750 nubere
782 687 928 760 uoluerit,
942 694 974 750 et
988 685 1148 767 orphanos
1161 687 1327 761 merere,

296 801 335 862 de
350 800 445 863 rebus
459 799 673 881 orphanorum
687 799 765 865 nihil
779 800 907 862 omnino
922 797 982 864 sibi
997 798 1159 873 uendicat,
1182 797 1242 861 nisi
1257 809 1326 867 tan-

295 919 361 976 tum
376 931 516 995 congrua
530 912 589 974 siai
605 912 802 976 uestimenta.

377 1025 450 1086 Item
464 1025 499 1086 dc
512 1025 621 1086 aldais.
665 1023 698 1086 Si
711 1032 815 1087 autem
830 1024 928 1088 uidua
941 1023 1009 1086 sine
1025 1021 1113 1105 prole
1128 1023 1325 1098 remanserit,

297 1144 378 1200 etse
394 1137 556 1218 innuptam
571 1137 604 1198 in
618 1155 676 1198 sua
690 1135 841 1200 uiduitate
856 1155 1042 1218 permanere
1058 1135 1247 1218 promiserit,
1267 1156 1325 1198 uo·

293 1249 397 1312 lumus
417 1257 451 1311 ut
470 1257 657 1331 potestatem
673 1248 787 1312 haheat
801 1249 942 1312 omnium
956 1248 1110 1312 bonorum
1125 1268 1272 1322 suorum,
1294 1256 1326 1311 ct

293 1359 448 1443 quidquid
469 1359 548 1424 uelit
568 1361 643 1424 inde
665 1360 769 1422 facere
789 1359 893 1424 saciat.
916 1367 988 1441 post
1000 1359 1123 1424 obitum
1134 1367 1240 1422 autem
1256 1360 1324 1422 eius

294 1473 406 1536 eadem
429 1463 512 1535 bona
536 1473 576 1534 ad
600 1474 647 1534 sui
673 1473 805 1536 redeant
823 1480 971 1554 parentes
992 1470 1112 1545 mariti,
1133 1471 1162 1534 si
1177 1479 1324 1553 parentes

293 1583 405 1658 habet,
426 1583 476 1650 sin
489 1591 594 1648 autem
607 1603 665 1648 rex
679 1583 719 1646 sit
732 1585 837 1648 heres.

376 1695 503 1761 xxvu.
545 1696 590 1757 De
610 1707 700 1776 raptu
717 1699 894 1778 puellarum.
939 1695 971 1758 Si
986 1697 1056 1778 quis
1071 1696 1204 1758 militum
1221 1695 1324 1778 impu-

293 1805 404 1868 dicicia
418 1805 541 1870 fedatos
554 1805 693 1887 puellam
704 1807 841 1889 aliquam
855 1808 924 1870 sine
936 1805 1142 1870 concessione
1158 1817 1322 1888 parentum

292 1917 353 1980 sibi
373 1919 406 1980 in
428 1937 558 1980 uxorem
579 1917 734 2000 rapuerit,
760 1919 960 1982 decreuimus
982 1917 1117 2000 puellam
1139 1919 1322 2000 parentibus

292 2029 400 2104 reddi,
422 2027 549 2091 eciamsi
572 2030 611 2092 ab
633 2027 688 2092 illo
708 2029 814 2112 aliqua
834 2029 881 2092 uis
902 2029 961 2094 sibi
982 2029 1067 2094 illata
1086 2029 1135 2092 sit
1164 2037 1197 2092 et
1215 2038 1323 2112 raptor

293 2141 404 2204 decem
417 2141 521 2204 soluat
534 2141 686 2204 iuuencos
699 2159 758 2222 pro
773 2149 875 2222 rapto,
890 2140 963 2202 lieet
977 2150 1088 2222 postca
1102 2140 1323 2204 reconcilietur

291 2251 474 2336 perentibus
494 2251 610 2334 puelle.
638 2251 665 2314 si
680 2271 758 2315 uero
773 2271 896 2334 pauper
909 2250 980 2333 quis
992 2251 1053 2314 hoc
1069 2249 1209 2334 uulgaris
1228 2271 1321 2334 agere

289 2362 461 2445 agreditur,
483 2370 651 2444 componat
665 2369 789 2444 raptum
804 2363 943 2444 quinquo
961 2361 1116 2426 iuuencis.

373 2473 514 2534 XXVlll.
563 2474 606 2534 Dc
625 2475 853 2553 foraticotoridoa
877 2475 1077 2536 eumoccidit
1099 2475 1229 2539 atterius.
1284 2474 1322 2536 Ut

287 2583 382 2648 liberi
403 2603 493 2647 suam
513 2584 690 2646 custodiant
710 2583 888 2648 libertatem
909 2583 1202 2659 incontaminatam,
1230 2584 1321 2646 uolu-

290 2715 360 2761 mus
374 2695 436 2758 illis
453 2715 571 2778 ponere
586 2697 769 2760 caucionem
783 2717 823 2760 ne
839 2717 910 2758 cum
925 2695 1033 2765 olienis
1051 2695 1246 2761 fornicentur
1265 2716 1321 2758 an-

290 2808 381 2874 cillis.
413 2809 440 2872 si
455 2809 525 2892 quis
539 2818 644 2875 autem
659 2809 854 2892 improuidus
870 2809 952 2874 hano
968 2809 1148 2872 caucioncm
1163 2817 1322 2892 transgre-

290 2924 390 2997 diens,
411 2922 583 2986 fornicatur
605 2944 676 2988 cum
697 2922 809 2988 ancilla
830 2922 973 2996 alterius,
1003 2922 1080 2984 sciat
1100 2941 1133 2984 sc
1153 2941 1242 2984 reum
1262 2921 1321 2982 cri-

289 3035 391 3108 miniS,
413 3042 446 3098 et
466 3055 523 3115 pro
544 3036 657 3098 codem
676 3034 806 3096 crimine
826 3033 980 3115 imprimis
1001 3033 1167 3096 decoriari.
1194 3032 1221 3098 si
1242 3051 1319 3095 uero

169 3220 173 3227 ⁴
219 3217 222 3220 ,
287 3146 428 3208 secundo
451 3165 522 3206 cum
543 3147 654 3208 eadam
677 3145 849 3208 fornicatus
871 3145 980 3219 luerit,
1007 3146 1119 3208 iterum
1140 3143 1321 3213 decorietur

288 3276 325 3321 ac.
339 3255 503 3338 depiletur.
546 3256 573 3318 si
594 3265 696 3318 autem
721 3256 828 3330 tercio,
849 3255 889 3318 sit
911 3277 1023 3320 seruus
1045 3257 1161 3337 pariter
1179 3276 1252 3318 cum
1265 3275 1321 3316 an-

287 3368 376 3443 cilla,
405 3375 459 3432 aut
481 3368 614 3432 redimet
634 3389 679 3430 se.
708 3367 734 3429 si
756 3376 860 3430 autem
885 3368 998 3432 ancilla
1018 3368 1199 3450 conceperit
1218 3369 1257 3432 de
1281 3388 1320 3432 eo

287 3487 319 3542 et
341 3497 452 3560 parere
474 3499 537 3544 non
557 3477 715 3560 potuerit,
739 3479 850 3554 sedin
875 3488 965 3560 partu
988 3479 1131 3556 moritur,
1153 3487 1321 3562 componat

287 3590 424 3653 candem
437 3609 509 3652 cum
523 3589 585 3652 alia
599 3587 721 3652 ancilla.
798 3613 800 3617 ·
965 3659 967 3664 ¹
1221 3657 1223 3662 ,

367 3703 411 3764 uo
435 3722 586 3766 seruorum
610 3704 820 3782 fornicarium.
876 3705 993 3772 Seruus
1018 3723 1146 3787 quoque
1171 3703 1318 3780 alterius,

283 3813 310 3879 si
325 3835 397 3878 curn
420 3813 532 3878 ancilla
554 3815 680 3878 alterius
699 3815 879 3888 fornicatur,
909 3815 1086 3881 decoriatur
1102 3817 1320 3898 acdepiletur.

284 3932 317 3990 ct
331 3927 356 3990 si
372 3926 484 3991 ancilla
498 3927 538 3988 de
559 3946 599 3990 eo
620 3925 801 4008 conceperit
821 3935 853 3992 et
872 3928 906 3993 iu
928 3935 1018 4010 partu
1039 3927 1181 4002 moritur,
1206 3948 1319 3996 seruus

285 4039 508 4114 uenumdetur,
529 4058 566 4100 ac
579 4039 710 4104 dimidia
731 4059 803 4122 pars
826 4041 922 4124 precii
943 4040 1060 4106 saniori
1083 4039 1195 4104 ancille
1211 4041 1320 4118 detur,

282 4151 383 4222 altera
396 4169 563 4242 pauvrero
578 4151 694 4217 seniori
708 4153 792 4216 serui
807 4161 980 4218 remaneat.

364 4263 481 4328 XXIX,
521 4264 566 4328 Dc
589 4263 635 4328 ltir
655 4266 705 4350 qui
720 4275 825 4350 pateat
845 4268 900 4331 cidi
921 4267 1048 4340 amilon
1068 4269 1237 4338 remorer.
1283 4269 1321 4336 ut
