2904 4754
282 439 343 504 512
509 459 596 506 arun
616 461 657 506 rr.
675 458 765 506 reuss
787 461 962 507 uscanrmr.
993 441 1083 507 teet.

307 605 316 622 '
366 610 430 692 (st)
452 613 530 674 Item
550 611 731 686 statuimus,
758 609 845 695 quud
867 612 899 673 in
921 611 1033 674 eadem
1056 609 1184 674 eiuitate
1205 610 1298 674 iorum

281 717 422 785 selemne
443 723 567 786 dnobus
582 721 693 785 diebus
715 723 747 784 in
769 722 984 797 hebdomada,
1006 721 1156 786 uidelicet
1170 721 1219 785 die
1231 723 1297 786 isne

283 841 314 897 et
329 833 379 895 die
393 833 473 895 iouis
489 833 676 897 celebretur.
698 853 735 896 ac
751 831 895 916 preterea
910 831 1014 896 iorum
1025 831 1241 916 quotidianum
1253 852 1302 896 ee·
1425 833 1427 838 ’

282 943 357 1009 tidie
371 945 535 1008 habeatur.
1293 949 1296 952 ’
1426 1023 1427 1036 ¹

347 1059 411 1120 'Ad
425 1057 690 1122 sustentaeiunem
706 1067 809 1122 autem
828 1059 985 1144 hospitum
999 1059 1032 1122 in
1047 1057 1194 1140 predicto
1208 1069 1305 1124 eastre
1426 1043 1427 1086 ³

280 1167 509 1244 habitancium,
531 1169 673 1233 dedimus
688 1179 801 1235 terram
816 1173 897 1234 eirea
916 1179 1053 1234 montem
1069 1169 1190 1244 (trech,
1213 1189 1302 1254 quam
1426 1159 1427 1168 ¹

282 1279 356 1342 elim
372 1300 427 1364 per
437 1279 583 1343 dilectum
599 1291 631 1344 et
643 1279 770 1344 fidelem
782 1291 939 1356 nostrum,
960 1281 1119 1364 quondam
1135 1281 1304 1344 Dionisium

282 1393 401 1454 Banum
418 1411 458 1454 ex
479 1393 546 1455 eius
561 1393 809 1457 conseruaeione
824 1393 966 1457 eiusdem
980 1393 1305 1457 ciuibusdinoseimus

281 1503 442 1578 statuisse,
462 1503 628 1568 subsertis
648 1501 737 1567 metis
752 1512 784 1567 et
797 1503 950 1567 distinctis
972 1514 1125 1586 perpetuo
1144 1503 1307 1586 possiden-

282 1615 364 1678 dam.

364 1727 510 1790 Ceterum
525 1727 598 1810 qnia
618 1727 713 1791 iidem
735 1727 822 1793 eines
837 1749 932 1810 snper
947 1728 1039 1792 terris
1055 1735 1087 1790 et
1101 1727 1306 1810 possessioni*

281 1837 341 1900 bus
353 1835 418 1899 suis
432 1835 492 1898 aiia
506 1835 605 1898 eciam
621 1837 783 1920 priuiiegia
797 1857 815 1900 a
831 1837 922 1901 nobis
937 1857 1090 1902 concessa
1102 1837 1224 1902 habere
1237 1857 1306 1900 nos·

282 1953 405 2022 cuntur,
425 1947 477 2012 iiia
501 1947 546 2012 eis
569 1947 754 2013 inconeussa
775 1967 901 2012 seruare
923 1949 1079 2022 uolumus,
1100 1957 1172 2012 eta
1196 1947 1305 2010 nestris

282 2059 515 2122 suecessoribus
530 2063 561 2122 et
574 2059 723 2123 subiectis
737 2057 958 2122 inuiolabiliter
972 2057 1145 2121 obseruari.
1172 2059 1306 2121 luemus

281 2169 329 2232 rei
342 2171 524 2234 memoriam
539 2179 570 2234 et
585 2179 770 2254 perpetuam
785 2171 961 2234 firmitatem
982 2178 1147 2254 presentes
1165 2159 1311 2234 dedimus'

280 2280 397 2357 literas,
419 2283 552 2364 duplicis
574 2281 666 2364 sigim
684 2282 784 2344 nostri
807 2281 976 2344 munimine
995 2281 1171 2344 roboratas.
1204 2281 1303 2344 datum

281 2413 338 2475 per
359 2413 469 2456 manus
491 2393 629 2480 magistri
644 2391 787 2474 Fareasy,
808 2393 961 2475 prepositi
981 2390 1135 2466 athensis,
1164 2393 1234 2454 aule
1251 2411 1302 2453 no·

280 2513 343 2568 stre
365 2503 628 2577 uiueeaneeliarii,
657 2503 763 2567 dilecti
781 2513 813 2567 et
834 2504 935 2567 tidelis
950 2503 1058 2566 nostri.
1085 2523 1167 2566 anno
1190 2501 1299 2566 demini

279 2613 471 2676 Muuuxvr.
491 2613 559 2675 ΧΠ.
580 2611 649 2676 Kal.
673 2615 866 2689 Decembris,
886 2615 977 2697 re'gni
990 2621 1094 2677 autem
1109 2615 1210 2678 nostri
1225 2633 1299 2677 anuo
1423 2607 1425 2612 ’

279 2720 394 2788 xxxt.
917 2753 921 2760 ‹

411 3092 568 3168 BELAE
589 3091 656 3166 lv,
681 3089 837 3164 REGIS
873 3081 1172 3166 DECRETUM.

689 3242 895 3310 MCCLXVIL

585 3379 610 3432 n
625 3379 773 3431 mamimus
787 3381 907 3458 miniatii
922 3382 1000 3446 regit.

361 3627 424 3690 Nos
437 3625 512 3689 Bela
531 3625 582 3688 dei
604 3625 708 3706 gracia
730 3645 787 3688 rex
807 3625 985 3707 ilungarie,
1007 3635 1038 3690 et
1052 3625 1229 3708 Stephanus
1251 3643 1297 3708 per
1386 3641 1389 3646 ·

281 3740 416 3800 eundem
430 3736 533 3799 iunior
547 3757 605 3799 rex
618 3733 778 3818 Hungarie
797 3743 828 3800 et
843 3737 907 3798 dux
922 3733 1166 3818 'l'ransylvanie,
1188 3745 1220 3800 et
1232 3737 1296 3799 Beia

277 3841 381 3914 iunior
396 3849 459 3912 dux
473 3849 571 3911 toeius
587 3848 770 3910 Sclauenie:

360 3957 573 4041 significamus
588 3959 673 4040 quud
694 3957 816 4022 nobiles
831 3959 992 4041 Hungarie
1013 3959 1153 4024 uniuersi
1168 3961 1221 4043 qui
1240 3979 1296 4022 ser·

279 4062 401 4136 uientes
422 4067 544 4152 regales
565 4069 719 4142 dicuntur,
741 4071 781 4132 ad
804 4090 862 4132 nos
885 4072 1082 4145 accedentes,
1102 4072 1296 4154 pecierunta

279 4181 370 4246 nobis
394 4179 553 4244 humiliter
576 4188 608 4244 et
631 4181 761 4255 devote,
782 4189 817 4244 ut
834 4183 919 4263 ipsos
940 4183 972 4244 iu
992 4181 1137 4246 libertate
1158 4201 1176 4245 a
1198 4203 1223 4246 s.
1236 4179 1295 4244 Ste-

281 4293 385 4380 phano
404 4311 480 4376 rege
502 4297 615 4356 statuta
635 4297 667 4356 et
681 4281 809 4355 obtenta
826 4291 1028 4374 dignaremur
1042 4309 1249 4368 conseruare,
1267 4289 1295 4354 n't
