2904 4754
526 1155 716 1240 tentent
741 1155 798 1241 nr.
823 1154 944 1240 uren

371 1308 731 1426 consrrrurro
758 1348 829 1422 nn
854 1343 1103 1426 consuis,

470 1533 472 1540 '
624 1527 850 1592 MCCLXXlX.
895 1630 904 1639 „
1004 1529 1008 1536 ’

647 1717 812 1730 m

305 1849 468 1916 Ladislaus
494 1851 544 1914 dei
568 1851 672 1932 gracia
695 1851 873 1934 Hungarie,
902 1851 1078 1927 Dalmacie,
1107 1853 1254 1929 Croacie,

223 1967 337 2039 Rome,
357 1965 486 2038 Seruio,
508 1961 653 2036 Gallicie,
676 1963 880 2038 Lodomerie,
908 1963 1073 2039 cantante,
1093 1965 1255 2050 Balgarie-

224 2095 285 2160 que
299 2091 373 2138 reu:
396 2075 541 2138 omnibus
557 2075 671 2137 Christi
691 2074 836 2137 fidelihus
851 2084 1031 2158 presentem
1048 2077 1193 2158 paginam
1207 2077 1255 2138 in·

224 2189 378 2270 spectaris
395 2188 525 2250 salutern
542 2185 573 2248 in
589 2185 696 2248 salutis
711 2179 870 2269 largitore.
907 2188 947 2250 ad
962 2189 1182 2250 uniuersorum
1197 2209 1255 2250 no-

225 2297 346 2371 ticiam,
368 2305 430 2360 tarn
454 2297 653 2380 presencium
669 2318 761 2379 quarn
782 2297 959 2360 futurorum
980 2297 1125 2360 uolumus
1141 2317 1256 2380 perue-

224 2411 308 2484 nire,
335 2411 420 2492 quod
447 2424 518 2473 com
543 2410 734 2472 uenerabilis
758 2417 849 2492 pater
874 2406 1046 2492 Philippus,
1075 2411 1126 2472 dei
1152 2411 1255 2493 gracia

223 2521 386 2583 hirmanus
408 2522 594 2603 episcopus,
621 2516 794 2602 apostolice
817 2521 901 2582 sedis
921 2521 1053 2602 legatus,
1085 2521 1125 2584 ad
1146 2541 1204 2583 nos
1225 2527 1256 2584 et

225 2649 357 2714 regnum
373 2641 514 2695 nostrum
531 2631 711 2714 specialiter
726 2633 765 2694 ah
781 2631 893 2694 eadem
908 2634 983 2695 sede
998 2641 1123 2706 sancta,
1139 2631 1257 2696 aChri·

225 2743 262 2804 sti
278 2743 395 2805 scilicet
411 2743 530 2806 uicaria
543 2743 653 2808 suisset
668 2744 853 2818 destinatae,
868 2744 965 2826 ipsius
977 2743 1094 2805 salubri
1109 2744 1256 2806 suasione

226 2861 257 2917 el
277 2865 383 2919 sancte
408 2853 589 2917 inductione
614 2853 884 2928 concurrentibus,
906 2853 1025 2935 placuit
1046 2854 1180 2916 dominis
1196 2853 1257 2917 Co-

225 2985 405 3040 muncrum,
432 2965 552 3029 scilicet
573 2965 669 3048 Alpar
693 2974 724 3028 et
745 2965 835 3040 Uzur,
867 2973 898 3027 et
920 2965 1033 3027 ceteris
1056 2965 1190 3027 dominis
1217 2965 1257 3027 de'

226 3077 382 3152 Comanis,
404 3097 440 3140 ac
461 3077 645 3160 simpliciter
660 3077 804 3139 omnihus
821 3075 977 3140 nobilibus
998 3076 1038 3138 de
1059 3076 1204 3140 Comanis
1227 3085 1258 3140 et

225 3187 427 3250 uniuersiteti
445 3189 644 3262 eorumdem,
668 3195 700 3250 ut
722 3185 782 3270 ipsi
805 3183 922 3250 relictis
944 3188 1100 3250 idolorum
1119 3187 1257 3262 cultura,

227 3305 258 3360 et
271 3297 416 3360 omnihus
433 3317 469 3360 ac
484 3299 615 3381 singulis
631 3313 824 3382 paganorum
840 3299 950 3361 ritihus
966 3319 1095 3381 prorsus
1111 3297 1257 3374 dimissis,

227 3409 266 3472 ad
281 3407 435 3472 catholice
451 3431 508 3474 scu
524 3409 698 3474 orthodoxe
714 3409 789 3474 fidei
804 3411 954 3474 unionem
965 3409 1198 3486 conuertuntur,
1220 3429 1257 3474 ac

226 3521 307 3583 sacri
326 3519 522 3602 baptismatis
542 3522 681 3584 uniuersi
701 3531 733 3585 et
751 3523 864 3602 singuli
886 3524 1101 3605 cuiuscunque
1118 3521 1208 3586 etatis
1228 3531 1260 3586 et

227 3648 332 3705 sexus,
354 3631 407 3713 qui
422 3632 562 3693 noudum
579 3641 651 3694 sunt
667 3631 825 3713 baptizati,
848 3633 1002 3714 recipiant
1016 3645 1260 3708 sacramentum,

228 3751 259 3804 et
277 3751 407 3805 seruent
429 3741 535 3805 omnia
559 3739 695 3804 ecclesia
720 3747 932 3814 sacramenta,
955 3749 986 3803 et
1000 3755 1186 3825 quecunque
1203 3743 1262 3808 alia

228 3853 338 3927 docet,
365 3861 470 3927 tenet,
503 3861 535 3916 et
559 3855 699 3934 predicat
721 3851 856 3916 ecclesia
878 3852 1020 3914 ltomana
1049 3865 1260 3917 sacrosancta.

227 3972 258 4025 et
281 3963 356 4046 quia
377 3964 458 4028 tides
481 3963 549 4026 siue
575 3977 671 4046 opere
687 3971 827 4038 mortua,
849 3961 928 4025 sicut
943 3961 1067 4046 legitur,
1088 3973 1261 4048 reputatur,

226 4087 295 4147 nos,
316 4083 535 4156 praesumpte
559 4073 632 4137 lidei
657 4071 763 4137 sancte
787 4073 941 4156 perfectio
964 4075 1047 4156 apud
1071 4073 1156 4156 ipsos
1177 4079 1210 4138 et
1229 4075 1262 4136 ln
1364 4147 1368 4157 l

226 4185 302 4268 ipsis
327 4194 429 4250 sumat
455 4187 599 4261 inicium,
632 4195 663 4250 et
688 4183 862 4270 principale
886 4185 979 4248 iaciat
1002 4183 1262 4268 fundamentum,

227 4313 298 4362 cum
310 4297 350 4362 ad
360 4297 460 4365 hocce
472 4297 602 4365 eosdem
613 4298 758 4365 dominus
771 4298 892 4387 legatus
905 4294 1137 4388 quodammodo
1151 4313 1262 4364 coare·
