2978 4754
487 489 672 536 nsossrnurr
696 487 743 534 err
759 487 871 535 arun.
916 491 922 503 ·
1132 461 1194 534 '1'15¹

164 649 267 710 Pensa
278 643 366 708 daret
376 641 500 726 prelato
509 643 607 706 autori
616 661 711 705 uuam
721 639 859 706 meream
871 652 902 706 et
913 637 1083 718 dimidiam,
1093 641 1193 726 idem-

164 779 226 842 que
241 757 336 820 iudici
350 754 545 820 satisfaceret
559 773 596 817 ao
609 753 772 837 pristaldo.

171 872 175 878 '
246 866 332 951 (297)
353 849 481 950 Neneop
492 868 530 930 de
542 868 617 930 uilla
628 868 703 930 Sum
718 867 857 976 imperiit
867 862 1079 930 oonuillanum
1090 886 1192 944 soum,

164 982 284 1046 seilicet
299 979 430 1043 Uolotou
450 979 490 1042 de
510 979 606 1042 furto.
635 977 793 1042 iudicibus
807 980 922 1042 Moeud
941 987 973 1042 et
986 979 1126 1043 lohenoa
1146 981 1193 1042 bi·

163 1095 238 1168 lem,
259 1092 411 1174 pristaldo
426 1089 574 1175 Horogus
588 1071 653 1154 filio
669 1089 763 1157 Su'ela.
785 1093 911 1174 lleueoy
925 1093 1032 1174 itaque
1048 1092 1194 1172 etlloro-

166 1221 223 1288 gus
242 1204 370 1268 luerunt
391 1203 538 1266 Uaratlini
557 1223 615 1285 per
635 1211 731 1266 totam
752 1199 959 1284 septimanam
981 1203 1105 1266 exaudi.
1132 1203 1194 1266 Uo-

164 1315 250 1377 luteu
264 1318 342 1378 u'ero
357 1314 445 1377 uenit
458 1315 491 1376 in
506 1315 557 1376 die
573 1313 698 1376 ueneris
713 1315 746 1376 in
758 1315 869 1377 eadem
883 1314 1068 1396 septimana,
1084 1313 1192 1377 dicens

167 1428 253 1510 quod
266 1428 298 1489 in
314 1427 458 1510 sequenti
472 1428 646 1508 septimana
662 1433 745 1488 esset
759 1426 911 1489 terminus
925 1426 1037 1506 ipsius.

250 1535 339 1615 (298)
362 1537 474 1600 ileliae
497 1539 536 1599 de
550 1537 626 1598 uilla
638 1536 806 1600 Beseneurl
826 1536 964 1618 imperiii
977 1537 1114 1612 Budam,
1135 1539 1194 1600 Pe-

165 1657 265 1724 trum,
287 1647 429 1723 Uendeo,
450 1648 621 1722 Borezlou,
642 1649 782 1715 Poueam,
796 1657 827 1710 et
839 1649 971 1711 Buntem
991 1651 1030 1712 de
1044 1649 1119 1712 uilla
1134 1651 1195 1712 Uo-

166 1762 235 1824 siari
248 1759 361 1842 predio
376 1761 528 1834 Simonis,
549 1761 626 1823 item
640 1761 773 1824 Poosam
794 1759 833 1822 tle
849 1756 925 1822 uilla
939 1761 1063 1823 Numen
1083 1749 1194 1843 predio

66 1852 69 1857 ’
165 1871 278 1946 S'elros,
298 1872 338 1934 tle
359 1873 492 1954 pecunie
514 1867 669 1934 uiolenter
690 1873 810 1947 ablata,
831 1871 988 1935 iudicibus
1002 1873 1126 1956 Heymu
1142 1894 1195 1937 co-

165 1986 240 2047 mite
259 2003 366 2066 arege
381 1985 455 2046 dato
476 1991 508 2047 et
520 1984 711 2058 alexandro,
732 1982 891 2066 pristaldis
906 1983 1007 2046 Minos
1020 1991 1054 2046 et
1066 1985 1194 2073 Doulou.

164 2095 310 2158 Uarediui
333 2101 438 2156 eutem
460 2093 529 2158 telis
549 2095 632 2156 inter
654 2114 709 2158 eos
731 2093 815 2157 faeta
836 2101 884 2158 est
903 2095 1087 2168 oenueuoio,
1108 2097 1194 2176 quod

162 2204 296 2268 Keliano
322 2203 433 2268 darent
455 2205 626 2268 aduersarii
652 2206 701 2268 sui
723 2205 863 2290 quinque
885 2219 1025 2281 mareas,
1047 2213 1079 2270 et
1098 2205 1194 2268 indici

162 2319 249 2380 idem
269 2317 500 2392 satisfacerent,
522 2317 673 2399 pristaldo
697 2327 802 2382 autem
826 2317 918 2381 Helm
942 2317 1064 2382 comitis
1083 2315 1195 2381 Kelian

163 2436 336 2492 teneretur.

249 2537 335 2622 (299)
356 2541 474 2604 Foreos
488 2542 635 2624 ioubagio
650 2542 816 2605 Laurenoii
832 2543 877 2606 de
897 2543 972 2606 uilla
993 2543 1076 2626 Cups
1097 2543 1197 2625 impe·

167 2652 221 2716 elit
240 2652 452 2716 eonuillanum
483 2672 575 2716 suum
596 2655 731 2716 Pousam
751 2655 930 2719 libertinum
952 2657 1094 2720 eiusdem
1115 2657 1198 2718 Leu-

165 2765 277 2839 renoii,
299 2765 339 2828 de
353 2765 568 2828 combustione
584 2765 695 2828 domus
710 2773 742 2828 et
759 2765 874 2828 damno
893 2766 988 2828 trium
1006 2781 1198 2840 marearum,

167 2874 274 2938 iudice
292 2875 414 2958 prelato
433 2875 619 2952 Laureneio,
648 2874 799 2957 pristaldo
819 2875 971 2958 Gregorio
995 2877 1034 2939 de
1058 2876 1200 2958 predicta

95 3063 102 3072 .
169 2985 253 3068 pilia.
274 2987 378 3050 Pousa
391 2995 515 3069 portato
529 2985 614 3050 ferro
628 2987 811 3052 iustificetus
826 2995 883 3050 est.
1142 2965 1150 2980 ⁸

254 3095 343 3179 (300)
365 3099 547 3163 Castrenses
564 3101 603 3163 de
615 3099 753 3162 Carasna
768 3099 807 3162 de
822 3099 988 3176 uillaBan,
1009 3099 1200 3164 soflieetlta·

170 3231 276 3292 mang,
296 3209 384 3286 Dulr,
405 3213 521 3274 Nosala
536 3219 568 3274 et
582 3230 691 3274 omnes
707 3211 759 3275 alii
774 3211 813 3275 de
829 3213 940 3276 eedem
954 3213 1046 3288 uilla,
1069 3215 1198 3278 coadiu-

169 3329 263 3384 uante
286 3341 341 3384 eos
357 3323 478 3404 Tempe
499 3324 699 3398 oenturione,
729 3333 764 3386 ut
784 3323 952 3406 pristaldos
975 3326 1120 3400 astruxit,
1141 3327 1199 3388 im-

60 3507 72 3524 *
168 3433 527 3516 perieruntquendem,
556 3427 1059 3510 scilieetleourliliumlledea,
1088 3436 1201 3500 Solet
1322 3521 1325 3526 Ι

168 3530 304 3609 Βουᾶυῃ
323 3541 404 3610 lilios
419 3546 543 3621 Saoiou,
565 3547 678 3632 Syleoy
692 3547 791 3613 filium
805 3537 936 3622 Bahuei,
958 3549 1097 3610 dicentes
1113 3547 1199 3631 quod

169 3659 316 3722 eonciues
340 3667 445 3721 essent
457 3679 578 3722 eorum.
606 3659 651 3721 llli
665 3667 770 3722 entem
783 3660 933 3721 dixerunt
946 3677 981 3721 se
997 3675 1068 3722 esse
1082 3657 1198 3722 liberos

170 3778 202 3832 et
223 3791 341 3853 genere
359 3771 532 3845 Ruthenos,
553 3778 585 3833 et
605 3759 804 3833 adduxerunt
824 3768 1025 3831 defensorem
1046 3769 1199 3834 libertatis

169 3895 227 3944 soe
248 3881 376 3944 nomine
392 3879 519 3944 Chedur
540 3899 657 3964 genere
679 3881 860 3943 Ruthenum
880 3881 1100 3964 ioubagionem
1123 3883 1199 3943 Ber-
1287 3880 1294 3889 '

147 3984 269 4069 'nahe
291 3995 346 4075 qui
368 3993 477 4056 dioens
497 3995 567 4057 illos
590 4001 741 4076 cognatos
763 4011 836 4056 suos
851 4013 939 4068 esse,
960 3993 1060 4058 tenuit
1073 3993 1200 4054 liberta-

167 4111 233 4168 tem
250 4124 380 4180 eorum,
401 4105 504 4168 iudice
519 4108 611 4188 Tupa
632 4103 742 4170 ouriali
763 4093 878 4170 comite
901 4107 941 4170 (le
962 4105 1114 4178 Ceresue,
1136 4103 1199 4186 pri·
1217 4123 1224 4128 ·

167 4215 272 4282 staldo
287 4219 397 4284 ilonea
419 4219 459 4283 de
481 4219 556 4303 uilla
569 4219 685 4302 Bogus.
713 4217 841 4282 Chedur
857 4219 961 4300 itaque
978 4225 1100 4302 portato
1115 4208 1199 4279 ferro

165 4327 353 4400 testificatus
368 4338 433 4408 est,
454 4329 601 4417 probauit
613 4329 685 4396 illes
699 4329 815 4395 liberos
829 4349 911 4396 esse.

257 4489 262 4520 l
