2904 4754
238 386 299 452 i78
330 405 402 452 rues
422 403 511 450 noun
532 402 686 450 ervrrnrrs
706 401 737 447 ru
758 401 864 448 nosne
885 399 1060 448 notamen.
1087 379 1177 446 lant.

239 557 345 639 migne
360 557 544 629 (lamberte,
566 573 584 618 a
604 554 694 618 nobis
708 554 812 617 locum
827 554 859 616 in
875 555 987 616 eodem
1003 553 1126 616 ciuitate
1141 551 1288 616 lallani-

240 668 317 742 chii,
338 668 393 750 qui
415 687 455 729 ex
475 667 552 747 ipsis
567 685 602 728 se
622 665 664 728 toi
679 665 824 728 colocare
838 664 1014 737 noluerint,
1037 661 1121 728 clarc
1136 663 1288 745 postula—

238 785 328 852 runt,
350 777 577 859 promittentes,
598 776 684 858 quosl
706 775 739 836 in
760 775 864 856 ipsum
887 783 920 838 et
940 775 973 838 in
992 775 1093 856 ipsam
1115 773 1286 836 ciuitatem

240 889 374 972 populos
390 893 630 970 congregarent,
645 895 677 949 et
691 886 799 949 utilem
814 886 955 950 lacerent
968 885 1056 950 illum
1070 886 1174 950 locum
1190 906 1287 948 ame-

239 1019 315 1062 num
330 1017 401 1060 cum
415 1005 523 1060 nostro
537 997 703 1070 adiutorio,
717 997 757 1058 ud
771 998 968 1059 commodum
985 997 1105 1060 domini
1119 997 1206 1079 regis
1218 997 1285 1060 ho-

239 1129 361 1174 norem.
390 1129 525 1193 quorum
540 1109 714 1192 condignas
729 1109 900 1190 peticiones
915 1109 1134 1182 admittentes,
1156 1129 1215 1170 nos
1229 1108 1284 1170 lo-

240 1240 312 1282 cum
328 1221 383 1295 eis,
405 1220 459 1302 qui
475 1241 514 1282 ex
530 1219 604 1301 ipsis
619 1219 693 1281 illuc
707 1220 915 1293 conueniunt,
936 1217 978 1282 ibi
998 1219 1164 1294 moraturi,
1186 1219 1281 1282 cluxi-

240 1349 309 1396 mus
325 1333 564 1396 eoncedendum
578 1331 622 1394 itu
636 1330 802 1393 uidelicet:

322 1441 384 1520 (1)
410 1443 497 1526 quod
518 1461 614 1504 unum
636 1442 799 1504 castellnm
820 1442 853 1504 in
879 1441 997 1506 uertice
1025 1442 1124 1523 ipsius
1145 1443 1280 1515 montis,

240 1553 326 1616 omni
341 1573 480 1636 expensa
494 1560 616 1626 nostra,
637 1573 695 1634 pro
710 1551 837 1615 domino
851 1573 926 1634 rege
942 1551 1117 1625 edificetur,
1140 1555 1277 1614 circnm-

240 1683 366 1748 quaque
380 1672 486 1736 autem
503 1683 560 1745 pro
580 1663 712 1726 utilitato
734 1663 843 1744 populi
864 1663 908 1726 ihi
929 1664 1169 1737 commorantis,
1191 1683 1278 1728 eam-

241 1777 313 1838 dem
334 1775 527 1848 libertatem,
548 1793 612 1856 qua
633 1781 763 1837 utuntur
782 1775 999 1858 Tragun'ensis
1020 1783 1052 1838 et
1072 1775 1277 1842 Sibinicensis

241 1885 351 1950 etalio
374 1886 516 1948 ciuitates
536 1885 637 1967 rogis,
656 1886 689 1948 in
703 1885 864 1948 maritimis
885 1885 972 1948 iuxta
994 1906 1081 1948 mare
1096 1888 1278 1950 constitute.

323 1997 380 2072 (2)
401 1996 470 2058 lloo
485 2003 590 2059 autem
613 2015 762 2078 expresse
776 1995 1005 2070 constituimus,
1020 1998 1107 2078 quod
1129 1998 1278 2059 comitem

240 2105 300 2169 sibi
321 2107 460 2170 habeant
480 2107 597 2189 eligere
620 2108 659 2170 tle
681 2127 781 2189 regno
797 2107 915 2170 domini
930 2109 1013 2190 regis
1029 2116 1059 2170 et
1074 2109 1115 2170 de
1129 2108 1276 2172 fidelibus

240 2219 326 2293 eius,
347 2237 568 2302 quemcunque
589 2218 765 2281 noluerint:
790 2219 910 2282 iudices
933 2239 1011 2282 uero
1036 2227 1068 2280 et
1091 2217 1276 2282 consiliaros

239 2331 356 2415 eligant
377 2351 416 2393 cx
436 2329 561 2414 populis
585 2328 795 2405 Arhensihus,
816 2329 974 2392 incudem
993 2330 1116 2392 ciuitate
1135 2347 1276 2392 commo-

238 2443 391 2505 rantibus.

322 2553 383 2626 (3)
406 2551 438 2612 Si
453 2557 558 2613 aulem
579 2551 675 2614 iidem
698 2552 803 2634 populi
819 2552 976 2614 Arbenses
997 2552 1085 2613 illum
1105 2552 1209 2614 locum
1225 2553 1273 2614 la-

235 2661 364 2726 blanich
379 2661 484 2724 utilem
501 2671 533 2724 et
546 2681 710 2738 amenum,
733 2684 769 2726 ac
783 2665 886 2726 lorum
909 2665 939 2724 in
955 2665 1066 2726 eodem
1089 2663 1195 2726 facere
1215 2684 1271 2746 po-

237 2773 369 2849 tuerint,
386 2792 456 2836 cum
470 2779 578 2838 nostro
594 2773 760 2848 adiutorio,
784 2781 818 2836 ut
832 2774 1058 2854 promiserunt,
1074 2782 1184 2855 quarta
1200 2793 1270 2855 pars

236 2885 336 2947 tocius
358 2883 436 2946 lucri
459 2893 490 2948 et
511 2885 634 2958 tributi,
656 2905 718 2966 que
740 2905 798 2968 pro
818 2885 945 2946 domino
968 2905 1061 2966 rege,
1083 2891 1115 2948 et
1135 2905 1194 2968 pro
1215 2885 1270 2946 do·

237 2995 323 3057 mino
338 2997 420 3058 barro
434 3005 498 3058 tam
514 2997 553 3057 de
575 2995 656 3069 foro,
677 3016 773 3076 qnam
792 2995 936 3068 aliunde,
956 2997 989 3056 in
1010 2997 1122 3058 eadem
1145 2997 1270 3060 ciuitate

236 3107 417 3190 exiguntur,
436 3109 478 3170 ad
499 3127 590 3170 usu-m
612 3107 801 3188 populorum
822 3105 1029 3180 Arhensium,
1050 3126 1122 3170 cum
1144 3117 1210 3170 tota
1226 3107 1271 3174 la-

238 3219 323 3280 milia
338 3220 449 3282 domus
464 3239 521 3280 sue
537 3218 577 3279 ad
591 3218 745 3280 honorem
760 3218 855 3300 regis,
870 3218 902 3279 in
918 3217 1028 3282 eadem
1043 3219 1170 3282 ciuitate
1187 3239 1272 3281 eom·

236 3329 429 3390 morancium
451 3325 660 3399 ministretur,
682 3333 746 3389 tres
764 3347 840 3390 uero
856 3335 960 3410 partos
976 3329 1016 3390 ad
1035 3350 1125 3392 usum
1140 3323 1225 3414 regis
1241 3338 1272 3392 et

237 3440 310 3501 bani
324 3438 525 3519 recipiantur.
770 3425 773 3433 “
958 3423 963 3436 ⁸

320 3548 376 3622 (l)
398 3547 430 3607 Si
448 3545 518 3627 quis
540 3565 578 3608 ex
592 3548 716 3630 populis
731 3550 924 3614 aulensibus
949 3573 1060 3618 caussa
1076 3553 1271 3636 negociacio-

237 3659 288 3721 nis
308 3673 366 3738 per
386 3675 519 3739 regnum
539 3657 658 3720 domini
677 3661 760 3741 regis
782 3663 827 3724 ire
848 3664 1001 3738 uoluerit,
1021 3665 1155 3728 liberam
1176 3665 1273 3728 eundi

239 3777 276 3831 et
292 3768 446 3830 redeundi
466 3767 645 3834 facultatem
669 3769 800 3834 habeat:
828 3775 933 3836 nullus
959 3777 1085 3857 quidam
1111 3785 1273 3858 presumat

236 3877 325 3942 illum
340 3878 493 3960 impedire
507 3879 561 3944 uel
575 3881 771 3964 aliquatenus
786 3883 966 3947 molestare.
994 3885 1043 3950 sin
1054 3894 1170 3949 *autem
1184 3887 1273 3951 illum

236 3989 399 4072 contingat
417 3990 450 4052 in
463 4011 563 4074 regno
577 3992 662 4075 regis
681 3993 824 4056 amittere
839 3996 923 4058 bona
937 4017 1014 4072 sua,¹
1027 4017 1087 4060 nos
1103 4017 1162 4079 pro
1178 4000 1273 4064 corde

240 4101 279 4166 et'
292 4118 372 4164 uera
389 4092 460 4168 ude'
474 4105 659 4169 conabimur
675 4105 838 4192 requirere
860 4106 960 4172 ablata
973 4107 1110 4174 fideliter
1123 4129 1189 4174 una
1201 4131 1274 4176 cum

241 4212 364 4284 eodem.
995 4217 999 4224 '
1167 4221 1169 4226 '
