2978 4754
309 453 371 520 'tii
631 471 815 522 rrassrrmr
841 473 882 520 m
907 471 1017 520 ramo.

312 626 441 690 domino
455 647 580 702 eorum,
594 628 745 711 pristaido
760 629 923 694 Michaiile.
944 631 1091 694 Uaradini
1106 629 1211 694 taiiter
1223 651 1340 694 conne-

311 749 443 816 nerunt,
474 741 560 823 quod
584 742 686 803 Uarou
711 741 908 812 satisfaceret
932 743 1041 816 iudici,
1072 743 1237 806 Emericus
1261 762 1339 808 uero

311 857 474 914 teneretur
498 851 665 934 pristaldo,
696 861 728 916 et
752 853 842 916 daret
866 853 1050 918 aduersario
1077 873 1136 916 suo
1162 853 1340 936 quindecim

312 964 466 1046 pondera.

394 1072 480 1156 (293)
502 1074 637 1137 Barabas
652 1077 790 1159 impeciit
803 1078 1026 1159 ioubagioncm
1041 1079 1127 1160 Agya
1149 1077 1271 1139 comitis
1286 1097 1341 1140 no·

312 1187 398 1250 mine
413 1187 580 1263 Thomam,
601 1189 709 1252 dicens
727 1191 812 1272 quod
826 1189 926 1252 fiiium
945 1209 1036 1252 suum
1052 1189 1177 1252 nomine
1193 1187 1268 1262 Sub,
1289 1189 1360 1272 qui,

312 1299 373 1361 fuit
387 1299 471 1380 apud
485 1299 651 1362 Barrabam
665 1299 698 1362 in
713 1301 864 1364 seruitute
880 1320 936 1381 pro
952 1299 1102 1382 pecunia,
1124 1301 1192 1381 ipse
1204 1300 1340 1362 Thomas

311 1409 419 1473 furtim
440 1411 551 1492 ingere
571 1412 610 1474 ab
631 1431 670 1474 co
691 1411 828 1475 fecisset.
855 1413 941 1493 quod
957 1431 1028 1474 oum
1043 1411 1180 1474 Thomas
1195 1421 1340 1494 negaret,

312 1521 453 1604 prefatus
468 1523 557 1604 Agya
573 1522 760 1596 discuciens,
783 1543 840 1604 pcr
853 1521 1037 1604 pristaidum
1053 1523 1179 1584 nomine
1195 1521 1338 1584 Cosmam
1374 1539 1379 1548 ·

313 1631 396 1693 misit
409 1632 599 1694 Uaradinum
620 1634 660 1696 ad
676 1633 838 1696 candentis
853 1633 927 1696 ferri
943 1633 1101 1696 iudicium.
1129 1633 1183 1696 ubi
1197 1634 1259 1695 iam
1275 1633 1339 1696 dic-

313 1747 363 1804 tus
376 1741 530 1804 Barrabas
551 1743 673 1824 accepit
692 1763 788 1806 unam
810 1763 944 1806 marcam
961 1753 992 1806 ct
1006 1743 1161 1806 fertonem
1176 1763 1194 1806 a
1210 1745 1339 1819 Thoma,

314 1859 346 1916 ct
360 1849 494 1916 absoluit
509 1852 661 1915 Thomam
676 1873 695 1915 a
708 1873 803 1916 causa
818 1873 884 1927 sua,
907 1863 938 1916 et
951 1853 1048 1917 fitium
1065 1854 1133 1916 eins
1149 1854 1341 1917 aseruitute.

397 1961 489 2046 (wi)
511 1964 646 2039 Quidam
661 1965 788 2028 nominc
803 1966 868 2026 Luc
887 1985 958 2027 cum
973 1965 1125 2048 pristaido
1141 1986 1198 2028 suo
1213 1967 1342 2029 nomine

314 2077 410 2142 Santo
432 2077 564 2141 ueniens
585 2077 617 2138 in
639 2076 813 2160 septimana
834 2077 909 2140 dicit
932 2077 1093 2153 dominus,
1115 2077 1194 2141 dixit
1213 2099 1247 2142 se
1271 2097 1340 2142 csse

312 2189 442 2252 missurn
464 2209 482 2251 a
501 2189 605 2252 iudice
625 2208 752 2263 eorum,
773 2187 894 2252 seilicet
913 2187 1035 2250 Bodum
1055 2187 1120 2250 fiiio
1140 2189 1280 2263 Bodum,
1302 2189 1341 2252 ad

312 2303 502 2384 portandum
517 2301 635 2364 serrum
652 2321 708 2381 pro
723 2297 820 2363 tribus
836 2300 959 2374 marcis,
980 2307 1090 2361 contra
1104 2299 1262 2382 quandam
1285 2319 1342 2362 no·

301 2403 396 2476 ¹mina
411 2413 630 2475 Christianum.
659 2413 717 2474 sed
737 2411 930 2474 Christianus
953 2411 986 2473 in
1007 2412 1149 2494 predicta
1168 2413 1340 2494 septimana

313 2523 460 2584 Uaradini
474 2543 539 2586 non
554 2523 738 2605 comparuit:

396 2629 482 2716 (295)
508 2634 644 2696 Furman
666 2642 829 2698 accusatus
853 2635 892 2697 de
913 2634 997 2697 furto
1019 2651 1083 2696 non
1106 2636 1193 2698 ncnit
1214 2635 1341 2698 Uaradi-

312 2763 404 2820 nnm,
419 2746 458 2808 de
472 2765 535 2828 quo
550 2745 629 2808 tales
642 2743 749 2808 literas
764 2746 848 2807 misit
861 2745 956 2810 iudex
970 2765 1055 2808 suus.
1078 2767 1137 2829 ego
1149 2743 1340 2808 Uencesiaus

313 2857 364 2920 dei
379 2858 483 2940 gracia
496 2877 565 2920 sum
582 2875 687 2920 comes
702 2855 957 2919 Zothmariensis.
983 2855 1071 2918 Tubu
1087 2856 1169 2918 fliius
1183 2857 1260 2918 Peta
1281 2855 1341 2918 liti·
1406 2845 1411 2854 ’

257 3030 261 3035 .
312 2969 398 3051 gauit
411 2969 443 3032 in
459 2969 623 3050 presencia
637 2987 709 3030 mea
723 2985 794 3028 cnm
808 2967 945 3030 Fnrman
960 2966 1026 3030 filio
1039 2965 1101 3030 Ber
1116 2967 1202 3030 biiuti
1216 2967 1341 3031 Hodos·

313 3079 440 3155 diensis,
473 3079 644 3144 asserendo
669 3056 772 3160 ipsum
798 3097 868 3142 esse
893 3078 1006 3142 surcrn.
1036 3079 1153 3141 iudicio
1178 3078 1262 3143 inter
1286 3099 1341 3142 eos

313 3191 494 3266 constituto,
514 3191 597 3253 misit
619 3209 672 3253 cns
694 3191 734 3252 ad
755 3189 858 3252 locum
877 3189 1122 3252 Uaradinensem
1144 3211 1202 3272 per
1218 3189 1343 3272 pristaI·

314 3302 389 3364 dum
403 3303 530 3364 Petrum
550 3301 647 3363 iiiium
662 3303 757 3362 Marc.
787 3301 887 3362 Tobol
910 3319 981 3361 curn
1002 3299 1151 3381 pristaldo
1166 3321 1224 3363 sno
1240 3301 1298 3364 iuit
1312 3309 1342 3364 et

313 3413 372 3476 fuit
392 3412 425 3474 in
447 3411 582 3474 termino
601 3409 749 3472 Uaradini
770 3412 901 3493 profixo,
926 3411 983 3474 scd
1004 3413 1142 3474 Furman
1164 3413 1340 3476 contrarius

314 3539 390 3586 suns
408 3541 472 3584 non
492 3519 551 3586 init
569 3521 652 3584 illuc.
680 3521 747 3584 istis
762 3521 860 3586 iitcris
875 3543 933 3586 nos
951 3523 1034 3587 istud
1049 3524 1234 3600 addicimus,
1256 3525 1343 3607 quud
1451 3531 1453 3588 f

314 3636 550 3718 prenominatus
570 3635 708 3698 Furman
731 3637 763 3698 in
787 3636 963 3716 septimana
986 3637 1100 3699 exandi
1127 3639 1254 3700 domine
1278 3656 1343 3700 non
1449 3637 1452 3704 i

314 3748 489 3830 comparuit
503 3747 666 3823 Uaradini,
688 3749 745 3810 sed
760 3743 861 3810 Tobol
876 3753 907 3810 et
920 3746 1088 3830 pristaldos
1103 3749 1244 3812 fuerunt.
1266 3825 1268 3830 Ι

396 3857 483 3942 (296)
504 3861 621 3922 Forcos
638 3860 779 3924 centurio
796 3858 935 3941 impeciit
949 3859 1084 3921 Pousam
1099 3859 1198 3921 fitium
1211 3859 1341 3924 Matthia

313 3976 353 4038 de
366 3971 443 4036 uilla
456 3971 596 4036 Soluhan
618 3973 656 4034 de
677 3971 774 4036 tribus
794 3972 905 4034 marcis
921 3971 1051 4036 dimidia
1071 3971 1174 4034 minus
1188 3972 1344 4037 uiolenter

313 4085 433 4160 ablatis,
454 4083 558 4147 iudice
573 4083 706 4148 Nuetlen
720 4084 829 4147 curiali
843 4085 957 4148 comite
973 4085 1012 4148 de
1028 4083 1169 4159 Zarand,
1189 4084 1344 4167 pristaldu

208 4269 209 4272 Ἴ
254 4287 256 4292 ι
311 4195 406 4261 Iacob
419 4195 484 4260 filio
499 4196 626 4260 Forcos.
653 4195 707 4281 qui
721 4195 868 4260 Uaradini
883 4195 987 4262 taliter
1002 4203 1235 4272 conuenerunt,
1258 4197 1345 4284 quod
