2904 4754
152 457 243 506 arcs
257 447 298 505 rv'.
312 443 402 503 rums
417 455 566 504 maumas
582 455 686 503 crrrcu
701 457 954 505 zacmarursrmt.
990 440 1079 505 1266.
1121 437 1182 504 509

153 615 359 696 contingunt,
382 613 414 674 iu
441 613 491 676 die
514 591 709 687 strenarum,
739 620 770 675 et
789 631 853 674 uon
878 619 950 674 aute
970 633 1074 695 neque
1096 619 1185 695 post,

151 727 215 810 ipsi
235 727 331 789 iidem
346 725 431 786 ciues
447 745 503 806 per
518 721 649 786 nuncios
665 745 737 786 suos
753 725 887 807 precise,
910 732 941 787 et
955 725 1074 806 absque
1089 727 1185 786 iuter·

151 839 331 922 pellacique
353 837 506 926 qualibet,
535 836 658 900 mittere
681 845 713 900 et
733 834 858 900 soluere
878 857 935 918 pro
959 855 1057 900 censu
1078 851 1182 898 annuo

152 943 332 1012 teneantur.
948 931 950 934 ⁵
1164 1023 1167 1030 ‚

195 1077 196 1080 ’
240 1059 449 1122 Condiciones
469 1058 574 1141 itaque
596 1067 627 1124 et
642 1059 802 1123 libertates
816 1059 975 1142 hospitum
997 1079 1054 1121 seu
1068 1057 1184 1122 ciuium

154 1173 188 1234 in
210 1171 352 1252 predicto
375 1175 477 1233 castro
500 1171 1184 1254 habitarrciumseuconuenienci11m‚quas

154 1281 216 1364 ipsi
230 1282 312 1362 inter
325 1302 359 1343 se
375 1281 532 1354 fecerunt,
554 1290 586 1344 et
606 1298 663 1343 nos
684 1279 936 1362 approbamus,
956 1281 1035 1345 tales
1050 1265 1185 1342 liabent:

159 1405 160 1412 ’
227 1389 286 1474 (1]
308 1391 441 1467 Quodsi
456 1391 550 1454 iidem
565 1393 708 1473 hospites
721 1391 773 1454 uel
788 1391 874 1453 ciues
894 1391 926 1452 in
942 1389 1082 1452 districtu
1096 1389 1185 1450 liuu-

156 1503 260 1587 garie,
280 1496 454 1576 Daimacie,
469 1503 614 1578 Croacle,
635 1503 800 1566 Sclauonie
813 1501 938 1584 ,spoliati
952 1499 1005 1564 uel
1019 1500 1113 1562 occisi
1127 1521 1185 1582 per

153 1615 293 1680 latrones
312 1613 364 1676 uel
383 1613 460 1677 alios
483 1610 699 1676 malefactores
719 1613 850 1686 luerint,
873 1612 1017 1676 dominus
1036 1619 1130 1686 terre,
1151 1611 1184 1672 iu

156 1745 221 1808 qua
235 1723 359 1805 spoliati
374 1725 425 1786 uel
441 1725 536 1786 occisi
551 1721 682 1796 luerint,
698 1722 839 1786 estimata
855 1723 1027 1805 quantitate
1041 1723 1185 1804 pecunia,

154 1835 244 1898 iuxta
260 1833 422 1898 arbitrium
437 1835 590 1898 bonorum
606 1835 747 1896 uirorum
769 1843 799 1898 et
814 1843 1042 1898 sacramentum
1058 1835 1185 1920 ciuium,

82 2003 89 2013 .
156 1947 196 2010 ad
212 1947 273 2008 hoc
290 1947 479 2020 electorum,
501 1945 553 2008 uel
572 1943 675 2006 ablata
694 1943 855 2020 refundat,
876 1945 928 2008 uel
950 1941 1184 2010 malefactorem

156 2059 326 2130 ostendere
346 2065 499 2130 teneatur,
521 2065 574 2118 aut
588 2055 748 2119 homicidii
762 2075 876 2138 penam
891 2055 1006 2130 soluat,
1027 2057 1113 2118 iuxta
1127 2057 1184 2118 du·

155 2178 244 2232 catus
260 2167 426 2230 Sclauorrie
443 2166 703 2229 consuetudinem
717 2167 931 2248 approbatam.
1014 2245 1015 2248 Ἴ

187 2364 189 2370 Α
240 2275 287 2360 (2)
309 2279 387 2342 Item
409 2277 523 2340 tributa
544 2277 625 2340 inter
643 2274 764 2358 regales
783 2275 934 2338 terminos
956 2276 988 2338 iu
1010 2275 1095 2345 nullo
1114 2277 1183 2338 loco

154 2391 474 2456 soluereteneaotur.
528 2377 556 2427 J
722 2379 725 2385 ¹
805 2393 807 2398 ⁴

238 2499 286 2584 (3)
307 2501 386 2564 Item
401 2500 581 2583 quicunque
594 2500 674 2562 'ciuis
694 2498 788 2562 alium
810 2499 912 2562 ciuem
931 2499 1106 2582 uituperiis,
1127 2521 1184 2584 op-

154 2613 291 2696 probriis
314 2621 368 2674 aut
388 2612 583 2674 coutumeliis
606 2613 760 2686 affecerit,
788 2613 814 2674 si
836 2613 868 2673 in
888 2633 927 2676 eo
949 2613 1050 2677 uictus
1073 2613 1184 2688 luerit,

152 2726 221 2788 leso
237 2725 344 2786 decem
363 2744 490 2804 pensas,
511 2743 575 2786 non
594 2723 697 2787 minus
712 2739 875 2804 ‘expensas
894 2733 1017 2786 centum
1038 2725 1184 2789 denario-

154 2856 247 2910 rum,
279 2835 390 2897 soluat.
422 2835 507 2916 quod
531 2826 653 2915 sipost
672 2839 792 2896 terrram
817 2835 1043 2896 correctionem
1065 2855 1099 2896 se
1119 2853 1184 2897 nou

156 2945 391 3020 emendauerit,
413 2945 507 3008 rebus
523 2947 667 3007 omnibus
688 2943 721 3006 in
736 2945 901 3006 commune
916 2943 1095 3026 applicatis,
1115 2952 1184 3006 tau-

154 3078 251 3141 quam
264 3057 387 3120 inlamis
403 3058 442 3118 de
457 3053 583 3118 ciuitate
598 3054 781 3140 expellatur.

240 3165 286 3248 (lt)
309 3164 340 3230 si
364 3167 433 3250 quis
454 3169 511 3230 uel
530 3167 651 3248 alapam
674 3167 761 3230 alteri
784 3165 920 3240 dederit,
942 3163 994 3230 uel
1010 3159 1184 3248 percrino's

155 3279 314 3342 maliciose
328 3277 472 3353 traxerit,
495 3279 629 3342 eandem
646 3299 757 3359 penam
773 3277 922 3358 paciatur.
981 3275 982 3278 ’

240 3385 285 3469 (5)
308 3390 340 3450 Si
354 3409 430 3452 uero
446 3389 505 3450 hec
519 3387 621 3450 iudice
637 3367 767 3452 sedente
787 3397 843 3470 pro
860 3389 1021 3462 tribunali,
1041 3389 1093 3450 uel
1107 3387 1182 3452 alias

154 3501 334 3582 ubicunque
355 3501 387 3561 iu
409 3500 477 3562 eius
492 3507 663 3581 conspectu
677 3501 760 3562 idem
776 3506 956 3582 perpetrare
971 3501 1183 3580 presumserit,

154 3630 239 3694 pena
254 3610 370 3692 duplici
386 3611 547 3692 plectatur.

239 3715 288 3802 (6)
310 3721 405 3795 Quod
426 3721 452 3790 si
473 3721 534 3782 hoc
555 3721 586 3782 iu
609 3741 745 3802 persona
761 3717 883 3794 iudicis,
904 3719 955 3782 uel
971 3721 1183 3802 culuscunque

156 3811 324 3895 assessoris
340 3832 387 3892 sui
402 3831 486 3894 idem
501 3830 708 3906 attentauerit,
727 3831 836 3892 decem
850 3849 971 3894 marcas
987 3829 1103 3892 usualis
1118 3845 1186 3892 moa

155 3935 229 4007 nete
244 3963 302 4026 pro
318 3960 397 4024 pena
413 3941 565 4004 exsoluat.
593 3943 677 4024 quod
698 3941 724 4004 si
743 3942 896 4006 soluendo
911 3945 974 4004 noir
989 3941 1098 4016 fuerit,
1119 3959 1188 4003 mas

154 4073 231 4137 num
245 4054 372 4116 amittat.
901 4031 905 4035 ’

238 4161 286 4245 (7)
307 4163 339 4226 Si
353 4163 423 4245 quis
438 4161 574 4236 cultello,
594 4161 708 4244 gladio,
722 4163 834 4246 lancea
849 4171 902 4228 aut
916 4161 1038 4246 sagitta,
1056 4169 1108 4226 aut
1122 4161 1183 4224 alio

155 4273 210 4343 tall
230 4271 326 4338 morlo
347 4273 694 4352 aliumuuluerauorit,
715 4283 747 4340 et
766 4271 949 4340 urrlueratus
970 4275 1038 4340 sine
1057 4269 1196 4341 delectu
