<?xml version="1.0" encoding="UTF-8"?>
<!DOCTYPE html PUBLIC "-//W3C//DTD XHTML 1.0 Transitional//EN"
    "http://www.w3.org/TR/xhtml1/DTD/xhtml1-transitional.dtd">
<html xmlns="http://www.w3.org/1999/xhtml" xml:lang="en" lang="en">
 <head>
  <title>
</title>
<meta http-equiv="Content-Type" content="text/html;charset=utf-8" />
  <meta name='ocr-system' content='tesseract 3.04.00' />
  <meta name='ocr-capabilities' content='ocr_page ocr_carea ocr_par ocr_line ocrx_word'/>
</head>
<body>
  <div class='ocr_page' id='page_1' title='image "./rerumhungaricar01endlgoog_0077.png"; bbox 0 0 2924 4758; ppageno 0'>
   <div class='ocr_carea' id='block_1_1' title="bbox 362 419 1197 492">
    <p class='ocr_par' dir='ltr' id='par_1_1' title="bbox 362 419 1197 492">
     <span class='ocr_line' id='line_1_1' title="bbox 362 419 1197 492; baseline -0.004 -4"><span class='ocrx_word' id='word_1_1' title='bbox 362 439 486 488; x_wconf 76' lang='lat' dir='ltr'><strong>anonim</strong></span> <span class='ocrx_word' id='word_1_2' title='bbox 506 439 674 492; x_wconf 78' lang='lat' dir='ltr'><strong>oacnarun</strong></span> <span class='ocrx_word' id='word_1_3' title='bbox 694 439 872 486; x_wconf 73' lang='lat' dir='ltr'><strong>cotoneum</strong></span> <span class='ocrx_word' id='word_1_4' title='bbox 896 437 997 486; x_wconf 83' lang='lat' dir='ltr'><strong>naurs.</strong></span> <span class='ocrx_word' id='word_1_5' title='bbox 1136 419 1197 485; x_wconf 77' lang='lat'><strong>359</strong></span> 
     </span>
    </p>
   </div>
   <div class='ocr_carea' id='block_1_2' title="bbox 154 589 1204 4374">
    <p class='ocr_par' dir='ltr' id='par_1_2' title="bbox 154 589 1204 4374">
     <span class='ocr_line' id='line_1_2' title="bbox 161 589 1197 679; baseline -0.006 -17"><span class='ocrx_word' id='word_1_6' title='bbox 161 617 307 673; x_wconf 89' lang='lat' dir='ltr'><strong>causam,</strong></span> <span class='ocrx_word' id='word_1_7' title='bbox 337 597 364 662; x_wconf 89' lang='lat' dir='ltr'><strong>si</strong></span> <span class='ocrx_word' id='word_1_8' title='bbox 385 589 461 679; x_wconf 84' lang='lat' dir='ltr'><strong>quid</strong></span> <span class='ocrx_word' id='word_1_9' title='bbox 481 596 514 658; x_wconf 92' lang='lat' dir='ltr'><strong>in</strong></span> <span class='ocrx_word' id='word_1_10' title='bbox 537 594 716 658; x_wconf 87' lang='lat' dir='ltr'><strong>errabundo</strong></span> <span class='ocrx_word' id='word_1_11' title='bbox 739 594 874 678; x_wconf 79' lang='lat' dir='ltr'><strong>uestigia</strong></span> <span class='ocrx_word' id='word_1_12' title='bbox 891 592 1021 657; x_wconf 89' lang='lat' dir='ltr'><strong>liberius</strong></span> <span class='ocrx_word' id='word_1_13' title='bbox 1044 601 1197 677; x_wconf 86' lang='lat' dir='ltr'><strong>euagatus</strong></span> 
     </span>
     <span class='ocr_line' id='line_1_3' title="bbox 161 701 1197 790; baseline -0.005 -16"><span class='ocrx_word' id='word_1_14' title='bbox 161 729 254 775; x_wconf 88' lang='lat' dir='ltr'><strong>meus</strong></span> <span class='ocrx_word' id='word_1_15' title='bbox 270 707 448 774; x_wconf 88' lang='lat' dir='ltr'><strong>deuiauerit</strong></span> <span class='ocrx_word' id='word_1_16' title='bbox 462 707 616 782; x_wconf 86' lang='lat' dir='ltr'><strong>calamus,</strong></span> <span class='ocrx_word' id='word_1_17' title='bbox 637 701 697 770; x_wconf 81' lang='lat' dir='ltr'><strong>nec</strong></span> <span class='ocrx_word' id='word_1_18' title='bbox 713 707 838 790; x_wconf 85' lang='lat' dir='ltr'>ambigo</span> <span class='ocrx_word' id='word_1_19' title='bbox 854 725 949 789; x_wconf 91' lang='lat' dir='ltr'><strong>quam</strong></span> <span class='ocrx_word' id='word_1_20' title='bbox 962 705 1061 770; x_wconf 83' lang='lat' dir='ltr'><strong>facilis</strong></span> <span class='ocrx_word' id='word_1_21' title='bbox 1076 714 1151 788; x_wconf 89' lang='lat' dir='ltr'><strong>aput</strong></span> <span class='ocrx_word' id='word_1_22' title='bbox 1164 714 1197 769; x_wconf 90' lang='lat' dir='ltr'><strong>te</strong></span> 
     </span>
     <span class='ocr_line' id='line_1_4' title="bbox 161 817 1198 901; baseline -0.004 -17"><span class='ocrx_word' id='word_1_23' title='bbox 161 823 204 885; x_wconf 90' lang='lat' dir='ltr'><strong>sit</strong></span> <span class='ocrx_word' id='word_1_24' title='bbox 218 821 312 884; x_wconf 91' lang='lat' dir='ltr'><strong>uenie</strong></span> <span class='ocrx_word' id='word_1_25' title='bbox 327 819 426 893; x_wconf 89' lang='lat' dir='ltr'><strong>locus,</strong></span> <span class='ocrx_word' id='word_1_26' title='bbox 442 839 504 901; x_wconf 89' lang='lat' dir='ltr'><strong>que</strong></span> <span class='ocrx_word' id='word_1_27' title='bbox 519 837 570 880; x_wconf 87' lang='lat' dir='ltr'><strong>res</strong></span> <span class='ocrx_word' id='word_1_28' title='bbox 587 819 705 900; x_wconf 72' lang='lat' dir='ltr'><strong>pigram</strong></span> <span class='ocrx_word' id='word_1_29' title='bbox 721 818 821 880; x_wconf 88' lang='lat' dir='ltr'><strong>eciam</strong></span> <span class='ocrx_word' id='word_1_30' title='bbox 836 817 957 899; x_wconf 79' lang='lat' dir='ltr'><strong>inpellit</strong></span> <span class='ocrx_word' id='word_1_31' title='bbox 970 817 1062 880; x_wconf 89' lang='lat' dir='ltr'><strong>huius</strong></span> <span class='ocrx_word' id='word_1_32' title='bbox 1075 817 1198 880; x_wconf 87' lang='lat' dir='ltr'><strong>consilii</strong></span> 
     </span>
     <span class='ocr_line' id='line_1_5' title="bbox 162 929 1198 1012; baseline -0.004 -18"><span class='ocrx_word' id='word_1_33' title='bbox 162 953 296 994; x_wconf 87' lang='lat' dir='ltr'><strong>moram.</strong></span> <span class='ocrx_word' id='word_1_34' title='bbox 328 929 385 994; x_wconf 89' lang='lat' dir='ltr'><strong>sed</strong></span> <span class='ocrx_word' id='word_1_35' title='bbox 408 937 480 994; x_wconf 90' lang='lat' dir='ltr'><strong>sunt</strong></span> <span class='ocrx_word' id='word_1_36' title='bbox 500 929 633 992; x_wconf 80' lang='lat' dir='ltr'><strong>fortasse</strong></span> <span class='ocrx_word' id='word_1_37' title='bbox 654 929 813 1002; x_wconf 79' lang='lat' dir='ltr'><strong>nonnulli,</strong></span> <span class='ocrx_word' id='word_1_38' title='bbox 835 930 889 1012; x_wconf 90' lang='lat' dir='ltr'><strong>qui</strong></span> <span class='ocrx_word' id='word_1_39' title='bbox 904 931 971 992; x_wconf 89' lang='lat' dir='ltr'><strong>sine</strong></span> <span class='ocrx_word' id='word_1_40' title='bbox 986 929 1120 992; x_wconf 83' lang='lat' dir='ltr'><strong>racionis</strong></span> <span class='ocrx_word' id='word_1_41' title='bbox 1137 930 1198 992; x_wconf 88' lang='lat' dir='ltr'><strong>cir-</strong></span> 
     </span>
     <span class='ocr_line' id='line_1_6' title="bbox 164 1039 1198 1124; baseline -0.003 -19"><span class='ocrx_word' id='word_1_42' title='bbox 164 1043 419 1124; x_wconf 90' lang='lat' dir='ltr'><strong>cumspectione,</strong></span> <span class='ocrx_word' id='word_1_43' title='bbox 446 1042 531 1103; x_wconf 91' lang='lat' dir='ltr'><strong>idem</strong></span> <span class='ocrx_word' id='word_1_44' title='bbox 554 1042 638 1102; x_wconf 87' lang='lat' dir='ltr'><strong>unde</strong></span> <span class='ocrx_word' id='word_1_45' title='bbox 662 1059 766 1102; x_wconf 88' lang='lat' dir='ltr'><strong>sermo</strong></span> <span class='ocrx_word' id='word_1_46' title='bbox 789 1049 849 1117; x_wconf 89' lang='lat' dir='ltr'><strong>est,</strong></span> <span class='ocrx_word' id='word_1_47' title='bbox 871 1041 1036 1103; x_wconf 88' lang='lat' dir='ltr'><strong>concillum</strong></span> <span class='ocrx_word' id='word_1_48' title='bbox 1056 1039 1198 1104; x_wconf 90' lang='lat' dir='ltr'><strong>cursolli-</strong></span> 
     </span>
     <span class='ocr_line' id='line_1_7' title="bbox 163 1153 1200 1244; baseline -0.004 -24"><span class='ocrx_word' id='word_1_49' title='bbox 163 1177 242 1220; x_wconf 88' lang='lat' dir='ltr'><strong>num</strong></span> <span class='ocrx_word' id='word_1_50' title='bbox 258 1159 443 1217; x_wconf 87' lang='lat' dir='ltr'><strong>autumnent</strong></span> <span class='ocrx_word' id='word_1_51' title='bbox 464 1173 534 1216; x_wconf 90' lang='lat' dir='ltr'><strong>esse</strong></span> <span class='ocrx_word' id='word_1_52' title='bbox 557 1153 766 1244; x_wconf 84' lang='lat' dir='ltr'><strong>superfluum,</strong></span> <span class='ocrx_word' id='word_1_53' title='bbox 787 1153 1040 1235; x_wconf 87' lang='lat' dir='ltr'><strong>minusprouide</strong></span> <span class='ocrx_word' id='word_1_54' title='bbox 1055 1173 1200 1218; x_wconf 87' lang='lat' dir='ltr'><strong>asseren-</strong></span> 
     </span>
     <span class='ocr_line' id='line_1_8' title="bbox 162 1249 1198 1348; baseline -0.005 -17"><span class='ocrx_word' id='word_1_55' title='bbox 162 1276 225 1342; x_wconf 87' lang='lat' dir='ltr'><strong>tes,</strong></span> <span class='ocrx_word' id='word_1_56' title='bbox 256 1265 393 1348; x_wconf 83' lang='lat' dir='ltr'><strong>antiquis</strong></span> <span class='ocrx_word' id='word_1_57' title='bbox 415 1266 524 1348; x_wconf 91' lang='lat' dir='ltr'><strong>pocius</strong></span> <span class='ocrx_word' id='word_1_58' title='bbox 546 1249 687 1346; x_wconf 83' lang='lat' dir='ltr'><strong>priorum</strong></span> <span class='ocrx_word' id='word_1_59' title='bbox 707 1264 916 1328; x_wconf 90' lang='lat' dir='ltr'><strong>insistendum</strong></span> <span class='ocrx_word' id='word_1_60' title='bbox 942 1285 1012 1327; x_wconf 89' lang='lat' dir='ltr'><strong>esse</strong></span> <span class='ocrx_word' id='word_1_61' title='bbox 1038 1265 1198 1327; x_wconf 79' lang='lat' dir='ltr'><strong>relatibus.</strong></span> 
     </span>
     <span class='ocr_line' id='line_1_9' title="bbox 165 1359 1199 1464; baseline -0.002 -22"><span class='ocrx_word' id='word_1_62' title='bbox 165 1399 303 1464; x_wconf 88' lang='lat' dir='ltr'><strong>quorum</strong></span> <span class='ocrx_word' id='word_1_63' title='bbox 334 1377 474 1460; x_wconf 87' lang='lat' dir='ltr'><strong>profecto</strong></span> <span class='ocrx_word' id='word_1_64' title='bbox 498 1395 593 1458; x_wconf 87' lang='lat' dir='ltr'><strong>quam</strong></span> <span class='ocrx_word' id='word_1_65' title='bbox 614 1373 747 1451; x_wconf 87' lang='lat' dir='ltr'><strong>friuola,</strong></span> <span class='ocrx_word' id='word_1_66' title='bbox 782 1396 941 1460; x_wconf 87' lang='lat' dir='ltr'><strong>quamque</strong></span> <span class='ocrx_word' id='word_1_67' title='bbox 963 1377 1003 1440; x_wconf 88' lang='lat' dir='ltr'><strong>sit</strong></span> <span class='ocrx_word' id='word_1_68' title='bbox 1023 1359 1199 1440; x_wconf 80' lang='lat' dir='ltr'><strong>inconsulta</strong></span> 
     </span>
     <span class='ocr_line' id='line_1_10' title="bbox 161 1485 1200 1572; baseline -0.004 -18"><span class='ocrx_word' id='word_1_69' title='bbox 161 1491 339 1564; x_wconf 84' lang='lat' dir='ltr'><strong>conlecti0,</strong></span> <span class='ocrx_word' id='word_1_70' title='bbox 361 1509 425 1552; x_wconf 91' lang='lat' dir='ltr'><strong>non</strong></span> <span class='ocrx_word' id='word_1_71' title='bbox 446 1497 494 1552; x_wconf 91' lang='lat' dir='ltr'><strong>est</strong></span> <span class='ocrx_word' id='word_1_72' title='bbox 514 1485 745 1571; x_wconf 84' lang='lat' dir='ltr'><strong>superuacuum</strong></span> <span class='ocrx_word' id='word_1_73' title='bbox 766 1489 927 1572; x_wconf 79' lang='lat' dir='ltr'><strong>paulisper</strong></span> <span class='ocrx_word' id='word_1_74' title='bbox 949 1487 1200 1551; x_wconf 86' lang='lat' dir='ltr'><strong>commemorari.</strong></span> 
     </span>
     <span class='ocr_line' id='line_1_11' title="bbox 166 1599 1199 1687; baseline -0.002 -23"><span class='ocrx_word' id='word_1_75' title='bbox 166 1603 242 1687; x_wconf 88' lang='lat' dir='ltr'><strong>quia</strong></span> <span class='ocrx_word' id='word_1_76' title='bbox 256 1601 301 1666; x_wconf 81' lang='lat' dir='ltr'><strong>hii</strong></span> <span class='ocrx_word' id='word_1_77' title='bbox 314 1601 405 1685; x_wconf 82' lang='lat' dir='ltr'><strong>regni</strong></span> <span class='ocrx_word' id='word_1_78' title='bbox 415 1599 609 1665; x_wconf 79' lang='lat' dir='ltr'><strong>detractores</strong></span> <span class='ocrx_word' id='word_1_79' title='bbox 625 1601 724 1684; x_wconf 83' lang='lat' dir='ltr'><strong>magis</strong></span> <span class='ocrx_word' id='word_1_80' title='bbox 740 1602 868 1683; x_wconf 90' lang='lat' dir='ltr'><strong>proprio</strong></span> <span class='ocrx_word' id='word_1_81' title='bbox 883 1601 1048 1664; x_wconf 90' lang='lat' dir='ltr'><strong>consulunt</strong></span> <span class='ocrx_word' id='word_1_82' title='bbox 1059 1600 1199 1674; x_wconf 88' lang='lat' dir='ltr'><strong>arbitrio,</strong></span> 
     </span>
     <span class='ocr_line' id='line_1_12' title="bbox 166 1713 1199 1799; baseline -0.002 -23"><span class='ocrx_word' id='word_1_83' title='bbox 166 1735 265 1799; x_wconf 86' lang='lat' dir='ltr'><strong>quam</strong></span> <span class='ocrx_word' id='word_1_84' title='bbox 290 1715 498 1776; x_wconf 88' lang='lat' dir='ltr'><strong>communiter</strong></span> <span class='ocrx_word' id='word_1_85' title='bbox 521 1713 612 1796; x_wconf 85' lang='lat' dir='ltr'><strong>regni</strong></span> <span class='ocrx_word' id='word_1_86' title='bbox 641 1713 803 1794; x_wconf 86' lang='lat' dir='ltr'><strong>prouectui</strong></span> <span class='ocrx_word' id='word_1_87' title='bbox 833 1713 1091 1774; x_wconf 74' lang='lat' dir='ltr'><strong>administrando·</strong></span> <span class='ocrx_word' id='word_1_88' title='bbox 1125 1731 1199 1774; x_wconf 91' lang='lat' dir='ltr'><strong>nam</strong></span> 
     </span>
     <span class='ocr_line' id='line_1_13' title="bbox 166 1825 1198 1912; baseline -0.002 -22"><span class='ocrx_word' id='word_1_89' title='bbox 166 1829 239 1912; x_wconf 88' lang='lat' dir='ltr'><strong>quis</strong></span> <span class='ocrx_word' id='word_1_90' title='bbox 256 1829 393 1910; x_wconf 82' lang='lat' dir='ltr'><strong>ambigat</strong></span> <span class='ocrx_word' id='word_1_91' title='bbox 407 1847 426 1890; x_wconf 89' lang='lat' dir='ltr'><strong>a</strong></span> <span class='ocrx_word' id='word_1_92' title='bbox 440 1835 548 1890; x_wconf 88' lang='lat' dir='ltr'><strong>sancto</strong></span> <span class='ocrx_word' id='word_1_93' title='bbox 563 1833 651 1909; x_wconf 87' lang='lat' dir='ltr'><strong>patre</strong></span> <span class='ocrx_word' id='word_1_94' title='bbox 666 1834 774 1888; x_wconf 91' lang='lat' dir='ltr'><strong>nostro</strong></span> <span class='ocrx_word' id='word_1_95' title='bbox 790 1827 966 1909; x_wconf 88' lang='lat' dir='ltr'><strong>Stephano,</strong></span> <span class='ocrx_word' id='word_1_96' title='bbox 995 1825 1065 1889; x_wconf 90' lang='lat' dir='ltr'><strong>uiro</strong></span> <span class='ocrx_word' id='word_1_97' title='bbox 1080 1826 1198 1908; x_wconf 86' lang='lat' dir='ltr'><strong>quippe</strong></span> 
     </span>
     <span class='ocr_line' id='line_1_14' title="bbox 166 1937 1200 2024; baseline -0.002 -20"><span class='ocrx_word' id='word_1_98' title='bbox 166 1939 343 2023; x_wconf 91' lang='lat' dir='ltr'><strong>apostolico</strong></span> <span class='ocrx_word' id='word_1_99' title='bbox 357 1937 458 2024; x_wconf 83' lang='lat' dir='ltr'><strong>legem</strong></span> <span class='ocrx_word' id='word_1_100' title='bbox 473 1938 591 2021; x_wconf 89' lang='lat' dir='ltr'><strong>populo</strong></span> <span class='ocrx_word' id='word_1_101' title='bbox 603 1947 711 2002; x_wconf 88' lang='lat' dir='ltr'><strong>nostro</strong></span> <span class='ocrx_word' id='word_1_102' title='bbox 728 1939 833 2002; x_wconf 89' lang='lat' dir='ltr'><strong>datam</strong></span> <span class='ocrx_word' id='word_1_103' title='bbox 847 1939 879 2000; x_wconf 93' lang='lat' dir='ltr'><strong>in</strong></span> <span class='ocrx_word' id='word_1_104' title='bbox 892 1937 1080 2022; x_wconf 87' lang='lat' dir='ltr'><strong>quibusdam</strong></span> <span class='ocrx_word' id='word_1_105' title='bbox 1095 1947 1200 2002; x_wconf 86' lang='lat' dir='ltr'><strong>anste-</strong></span> 
     </span>
     <span class='ocr_line' id='line_1_15' title="bbox 164 2038 1199 2134; baseline -0.002 -20"><span class='ocrx_word' id='word_1_106' title='bbox 164 2053 302 2126; x_wconf 65' lang='lat' dir='ltr'><strong>riorem‘,</strong></span> <span class='ocrx_word' id='word_1_107' title='bbox 321 2053 354 2114; x_wconf 91' lang='lat' dir='ltr'><strong>in</strong></span> <span class='ocrx_word' id='word_1_108' title='bbox 367 2051 554 2134; x_wconf 88' lang='lat' dir='ltr'><strong>quibusdam</strong></span> <span class='ocrx_word' id='word_1_109' title='bbox 568 2069 646 2112; x_wconf 90' lang='lat' dir='ltr'><strong>uero</strong></span> <span class='ocrx_word' id='word_1_110' title='bbox 661 2038 933 2124; x_wconf 85' lang='lat' dir='ltr'><strong>tollerabiliorem,</strong></span> <span class='ocrx_word' id='word_1_111' title='bbox 955 2051 988 2112; x_wconf 93' lang='lat' dir='ltr'><strong>in</strong></span> <span class='ocrx_word' id='word_1_112' title='bbox 1001 2049 1061 2112; x_wconf 93' lang='lat' dir='ltr'><strong>hiis</strong></span> <span class='ocrx_word' id='word_1_113' title='bbox 1073 2069 1199 2132; x_wconf 90' lang='lat' dir='ltr'><strong>quoque</strong></span> 
     </span>
     <span class='ocr_line' id='line_1_16' title="bbox 165 2163 1200 2244; baseline -0.004 -17"><span class='ocrx_word' id='word_1_114' title='bbox 165 2163 321 2228; x_wconf 89' lang='lat' dir='ltr'><strong>intensius</strong></span> <span class='ocrx_word' id='word_1_115' title='bbox 340 2163 571 2238; x_wconf 89' lang='lat' dir='ltr'><strong>uindicantem,</strong></span> <span class='ocrx_word' id='word_1_116' title='bbox 596 2169 690 2244; x_wconf 88' lang='lat' dir='ltr'><strong>atque</strong></span> <span class='ocrx_word' id='word_1_117' title='bbox 712 2163 831 2225; x_wconf 88' lang='lat' dir='ltr'><strong>inullis</strong></span> <span class='ocrx_word' id='word_1_118' title='bbox 852 2163 1013 2226; x_wconf 86' lang='lat' dir='ltr'><strong>remissius</strong></span> <span class='ocrx_word' id='word_1_119' title='bbox 1033 2163 1200 2244; x_wconf 82' lang='lat' dir='ltr'><strong>indulgen-</strong></span> 
     </span>
     <span class='ocr_line' id='line_1_17' title="bbox 165 2273 1199 2360; baseline -0.007 -18"><span class='ocrx_word' id='word_1_120' title='bbox 165 2285 251 2352; x_wconf 87' lang='lat' dir='ltr'><strong>tem,</strong></span> <span class='ocrx_word' id='word_1_121' title='bbox 271 2297 331 2340; x_wconf 90' lang='lat' dir='ltr'><strong>nec</strong></span> <span class='ocrx_word' id='word_1_122' title='bbox 346 2295 537 2360; x_wconf 89' lang='lat' dir='ltr'><strong>quemquam</strong></span> <span class='ocrx_word' id='word_1_123' title='bbox 559 2283 666 2340; x_wconf 92' lang='lat' dir='ltr'><strong>tamen</strong></span> <span class='ocrx_word' id='word_1_124' title='bbox 686 2278 806 2358; x_wconf 85' lang='lat' dir='ltr'><strong>ubsque</strong></span> <span class='ocrx_word' id='word_1_125' title='bbox 826 2275 988 2357; x_wconf 89' lang='lat' dir='ltr'><strong>discipline</strong></span> <span class='ocrx_word' id='word_1_126' title='bbox 1002 2275 1137 2338; x_wconf 89' lang='lat' dir='ltr'><strong>uerbere</strong></span> <span class='ocrx_word' id='word_1_127' title='bbox 1152 2273 1199 2335; x_wconf 88' lang='lat' dir='ltr'><strong>di-</strong></span> 
     </span>
     <span class='ocr_line' id='line_1_18' title="bbox 165 2387 1199 2471; baseline -0.004 -18"><span class='ocrx_word' id='word_1_128' title='bbox 165 2391 358 2464; x_wconf 87' lang='lat' dir='ltr'><strong>mittentem,</strong></span> <span class='ocrx_word' id='word_1_129' title='bbox 392 2398 464 2450; x_wconf 85' lang='lat' dir='ltr'><strong>cum</strong></span> <span class='ocrx_word' id='word_1_130' title='bbox 487 2387 770 2471; x_wconf 86' lang='lat' dir='ltr'><strong>predestinacionis</strong></span> <span class='ocrx_word' id='word_1_131' title='bbox 797 2395 921 2470; x_wconf 89' lang='lat' dir='ltr'><strong>tempus</strong></span> <span class='ocrx_word' id='word_1_132' title='bbox 951 2387 1070 2450; x_wconf 86' lang='lat' dir='ltr'><strong>nullum</strong></span> <span class='ocrx_word' id='word_1_133' title='bbox 1096 2387 1199 2449; x_wconf 91' lang='lat' dir='ltr'><strong>adhuc</strong></span> 
     </span>
     <span class='ocr_line' id='line_1_19' title="bbox 165 2499 1201 2589; baseline -0.005 -23"><span class='ocrx_word' id='word_1_134' title='bbox 165 2517 282 2566; x_wconf 85' lang='lat' dir='ltr'><strong>nerum</strong></span> <span class='ocrx_word' id='word_1_135' title='bbox 297 2499 481 2566; x_wconf 84' lang='lat' dir='ltr'><strong>adduxisset</strong></span> <span class='ocrx_word' id='word_1_136' title='bbox 494 2499 570 2589; x_wconf 82' lang='lat' dir='ltr'><strong>fidei</strong></span> <span class='ocrx_word' id='word_1_137' title='bbox 584 2517 780 2582; x_wconf 89' lang='lat' dir='ltr'><strong>sponsorem.</strong></span> <span class='ocrx_word' id='word_1_138' title='bbox 801 2519 860 2562; x_wconf 91' lang='lat' dir='ltr'><strong>nec</strong></span> <span class='ocrx_word' id='word_1_139' title='bbox 875 2499 936 2562; x_wconf 89' lang='lat' dir='ltr'><strong>hoc</strong></span> <span class='ocrx_word' id='word_1_140' title='bbox 951 2499 1080 2582; x_wconf 89' lang='lat' dir='ltr'><strong>quidem</strong></span> <span class='ocrx_word' id='word_1_141' title='bbox 1094 2505 1201 2582; x_wconf 88' lang='lat' dir='ltr'><strong>preter</strong></span> 
     </span>
     <span class='ocr_line' id='line_1_20' title="bbox 167 2609 1200 2696; baseline -0.004 -18"><span class='ocrx_word' id='word_1_142' title='bbox 167 2615 276 2678; x_wconf 90' lang='lat' dir='ltr'><strong>diuine</strong></span> <span class='ocrx_word' id='word_1_143' title='bbox 301 2613 551 2696; x_wconf 90' lang='lat' dir='ltr'><strong>dispensacionis</strong></span> <span class='ocrx_word' id='word_1_144' title='bbox 576 2620 756 2695; x_wconf 88' lang='lat' dir='ltr'><strong>respectum</strong></span> <span class='ocrx_word' id='word_1_145' title='bbox 782 2613 869 2676; x_wconf 88' lang='lat' dir='ltr'><strong>credi</strong></span> <span class='ocrx_word' id='word_1_146' title='bbox 893 2609 1015 2694; x_wconf 87' lang='lat' dir='ltr'><strong>nephas</strong></span> <span class='ocrx_word' id='word_1_147' title='bbox 1039 2619 1096 2675; x_wconf 89' lang='lat' dir='ltr'><strong>ast.</strong></span> <span class='ocrx_word' id='word_1_148' title='bbox 1127 2631 1200 2674; x_wconf 90' lang='lat' dir='ltr'><strong>nam</strong></span> 
     </span>
     <span class='ocr_line' id='line_1_21' title="bbox 167 2720 1202 2808; baseline -0.006 -19"><span class='ocrx_word' id='word_1_149' title='bbox 167 2744 242 2789; x_wconf 89' lang='lat' dir='ltr'><strong>cum</strong></span> <span class='ocrx_word' id='word_1_150' title='bbox 258 2727 402 2808; x_wconf 85' lang='lat' dir='ltr'><strong>tempore</strong></span> <span class='ocrx_word' id='word_1_151' title='bbox 425 2723 558 2806; x_wconf 74' lang='lat' dir='ltr'><strong>predicti</strong></span> <span class='ocrx_word' id='word_1_152' title='bbox 581 2725 677 2806; x_wconf 91' lang='lat' dir='ltr'><strong>patris</strong></span> <span class='ocrx_word' id='word_1_153' title='bbox 699 2725 882 2786; x_wconf 89' lang='lat' dir='ltr'><strong>uniuersum</strong></span> <span class='ocrx_word' id='word_1_154' title='bbox 900 2720 1032 2806; x_wconf 85' lang='lat' dir='ltr'><strong>regnum</strong></span> <span class='ocrx_word' id='word_1_155' title='bbox 1048 2723 1115 2785; x_wconf 91' lang='lat' dir='ltr'><strong>eius</strong></span> <span class='ocrx_word' id='word_1_156' title='bbox 1129 2723 1202 2784; x_wconf 89' lang='lat' dir='ltr'><strong>bar-</strong></span> 
     </span>
     <span class='ocr_line' id='line_1_22' title="bbox 166 2833 1202 2916; baseline -0.004 -14"><span class='ocrx_word' id='word_1_157' title='bbox 166 2837 284 2902; x_wconf 84' lang='lat' dir='ltr'><strong>baricis</strong></span> <span class='ocrx_word' id='word_1_158' title='bbox 299 2839 434 2902; x_wconf 89' lang='lat' dir='ltr'><strong>seruiret</strong></span> <span class='ocrx_word' id='word_1_159' title='bbox 448 2837 480 2900; x_wconf 89' lang='lat' dir='ltr'><strong>in</strong></span> <span class='ocrx_word' id='word_1_160' title='bbox 494 2835 636 2911; x_wconf 89' lang='lat' dir='ltr'><strong>cultibus,</strong></span> <span class='ocrx_word' id='word_1_161' title='bbox 652 2855 688 2898; x_wconf 91' lang='lat' dir='ltr'><strong>ac</strong></span> <span class='ocrx_word' id='word_1_162' title='bbox 702 2835 789 2900; x_wconf 91' lang='lat' dir='ltr'><strong>rudis</strong></span> <span class='ocrx_word' id='word_1_163' title='bbox 804 2842 993 2916; x_wconf 87' lang='lat' dir='ltr'><strong>coactusque</strong></span> <span class='ocrx_word' id='word_1_164' title='bbox 1009 2833 1202 2898; x_wconf 88' lang='lat' dir='ltr'><strong>Christianus</strong></span> 
     </span>
     <span class='ocr_line' id='line_1_23' title="bbox 168 2941 1202 3012; baseline -0.006 0"><span class='ocrx_word' id='word_1_165' title='bbox 168 2953 281 3012; x_wconf 85' lang='lat' dir='ltr'><strong>contra</strong></span> <span class='ocrx_word' id='word_1_166' title='bbox 297 2947 573 3012; x_wconf 85' lang='lat' dir='ltr'><strong>commonitorium</strong></span> <span class='ocrx_word' id='word_1_167' title='bbox 594 2953 701 3010; x_wconf 87' lang='lat' dir='ltr'><strong>sancte</strong></span> <span class='ocrx_word' id='word_1_168' title='bbox 715 2945 791 3010; x_wconf 86' lang='lat' dir='ltr'><strong>fidei</strong></span> <span class='ocrx_word' id='word_1_169' title='bbox 811 2945 971 3008; x_wconf 90' lang='lat' dir='ltr'><strong>stimulum</strong></span> <span class='ocrx_word' id='word_1_170' title='bbox 986 2945 1089 3007; x_wconf 88' lang='lat' dir='ltr'><strong>adhuc</strong></span> <span class='ocrx_word' id='word_1_171' title='bbox 1104 2941 1202 3006; x_wconf 87' lang='lat' dir='ltr'><strong>recal-</strong></span> 
     </span>
     <span class='ocr_line' id='line_1_24' title="bbox 154 3055 1201 3138; baseline 0.001 -18"><span class='ocrx_word' id='word_1_172' title='bbox 154 3057 315 3130; x_wconf 79' lang='lat' dir='ltr'><strong>citraret,</strong></span> <span class='ocrx_word' id='word_1_173' title='bbox 336 3055 439 3118; x_wconf 89' lang='lat' dir='ltr'><strong>adhuc</strong></span> <span class='ocrx_word' id='word_1_174' title='bbox 459 3063 568 3118; x_wconf 85' lang='lat' dir='ltr'><strong>contra</strong></span> <span class='ocrx_word' id='word_1_175' title='bbox 588 3055 809 3137; x_wconf 90' lang='lat' dir='ltr'><strong>penitencialia</strong></span> <span class='ocrx_word' id='word_1_176' title='bbox 828 3056 946 3119; x_wconf 90' lang='lat' dir='ltr'><strong>ultricis</strong></span> <span class='ocrx_word' id='word_1_177' title='bbox 964 3057 1052 3138; x_wconf 86' lang='lat' dir='ltr'><strong>uirge</strong></span> <span class='ocrx_word' id='word_1_178' title='bbox 1066 3057 1201 3121; x_wconf 90' lang='lat' dir='ltr'><strong>uerbera</strong></span> 
     </span>
     <span class='ocr_line' id='line_1_25' title="bbox 170 3167 1201 3251; baseline 0.002 -20"><span class='ocrx_word' id='word_1_179' title='bbox 170 3169 385 3242; x_wconf 84' lang='lat' dir='ltr'><strong>remorderet,</strong></span> <span class='ocrx_word' id='word_1_180' title='bbox 406 3181 503 3248; x_wconf 89' lang='lat' dir='ltr'><strong>opere</strong></span> <span class='ocrx_word' id='word_1_181' title='bbox 528 3168 679 3249; x_wconf 90' lang='lat' dir='ltr'><strong>precipuo</strong></span> <span class='ocrx_word' id='word_1_182' title='bbox 699 3167 775 3242; x_wconf 88' lang='lat' dir='ltr'><strong>fuit,</strong></span> <span class='ocrx_word' id='word_1_183' title='bbox 796 3171 831 3230; x_wconf 88' lang='lat' dir='ltr'><strong>ut</strong></span> <span class='ocrx_word' id='word_1_184' title='bbox 849 3175 954 3231; x_wconf 89' lang='lat' dir='ltr'><strong>sancte</strong></span> <span class='ocrx_word' id='word_1_185' title='bbox 970 3168 1132 3251; x_wconf 90' lang='lat' dir='ltr'><strong>discipline</strong></span> <span class='ocrx_word' id='word_1_186' title='bbox 1149 3189 1201 3233; x_wconf 93' lang='lat' dir='ltr'><strong>co-</strong></span> 
     </span>
     <span class='ocr_line' id='line_1_26' title="bbox 171 3279 1200 3362; baseline 0.002 -19"><span class='ocrx_word' id='word_1_187' title='bbox 171 3281 254 3344; x_wconf 90' lang='lat' dir='ltr'><strong>actio</strong></span> <span class='ocrx_word' id='word_1_188' title='bbox 275 3279 454 3342; x_wconf 80' lang='lat' dir='ltr'><strong>infidelibus</strong></span> <span class='ocrx_word' id='word_1_189' title='bbox 470 3280 597 3362; x_wconf 84' lang='lat' dir='ltr'><strong>quidem</strong></span> <span class='ocrx_word' id='word_1_190' title='bbox 621 3279 661 3342; x_wconf 91' lang='lat' dir='ltr'><strong>ad</strong></span> <span class='ocrx_word' id='word_1_191' title='bbox 683 3279 924 3344; x_wconf 85' lang='lat' dir='ltr'><strong>conuersionem</strong></span> <span class='ocrx_word' id='word_1_192' title='bbox 944 3282 1033 3356; x_wconf 86' lang='lat' dir='ltr'><strong>fidei,</strong></span> <span class='ocrx_word' id='word_1_193' title='bbox 1054 3283 1111 3344; x_wconf 93' lang='lat' dir='ltr'><strong>sed</strong></span> <span class='ocrx_word' id='word_1_194' title='bbox 1126 3297 1200 3346; x_wconf 90' lang='lat' dir='ltr'><strong>con-</strong></span> 
     </span>
     <span class='ocr_line' id='line_1_27' title="bbox 169 3391 1201 3473; baseline 0.005 -21"><span class='ocrx_word' id='word_1_195' title='bbox 169 3393 274 3455; x_wconf 88' lang='lat' dir='ltr'><strong>uersis</strong></span> <span class='ocrx_word' id='word_1_196' title='bbox 288 3391 379 3454; x_wconf 82' lang='lat' dir='ltr'><strong>lieret</strong></span> <span class='ocrx_word' id='word_1_197' title='bbox 393 3393 435 3454; x_wconf 88' lang='lat' dir='ltr'><strong>ad</strong></span> <span class='ocrx_word' id='word_1_198' title='bbox 447 3391 600 3454; x_wconf 88' lang='lat' dir='ltr'><strong>iusticiam</strong></span> <span class='ocrx_word' id='word_1_199' title='bbox 617 3393 766 3473; x_wconf 89' lang='lat' dir='ltr'><strong>penitudo</strong></span> <span class='ocrx_word' id='word_1_200' title='bbox 782 3393 910 3472; x_wconf 89' lang='lat' dir='ltr'><strong>peccati.</strong></span> <span class='ocrx_word' id='word_1_201' title='bbox 936 3399 968 3454; x_wconf 90' lang='lat' dir='ltr'><strong>at</strong></span> <span class='ocrx_word' id='word_1_202' title='bbox 982 3393 1201 3457; x_wconf 86' lang='lat' dir='ltr'><strong>christianissi-</strong></span> 
     </span>
     <span class='ocr_line' id='line_1_28' title="bbox 170 3501 1202 3588; baseline 0.003 -22"><span class='ocrx_word' id='word_1_203' title='bbox 170 3525 242 3567; x_wconf 90' lang='lat' dir='ltr'><strong>mus</strong></span> <span class='ocrx_word' id='word_1_204' title='bbox 261 3525 319 3567; x_wconf 85' lang='lat' dir='ltr'><strong>rex</strong></span> <span class='ocrx_word' id='word_1_205' title='bbox 336 3511 444 3566; x_wconf 90' lang='lat' dir='ltr'><strong>noster</strong></span> <span class='ocrx_word' id='word_1_206' title='bbox 460 3503 710 3578; x_wconf 88' lang='lat' dir='ltr'><strong>Conlumbanus,</strong></span> <span class='ocrx_word' id='word_1_207' title='bbox 732 3501 909 3568; x_wconf 89' lang='lat' dir='ltr'><strong>columbine</strong></span> <span class='ocrx_word' id='word_1_208' title='bbox 932 3505 1035 3587; x_wconf 84' lang='lat' dir='ltr'><strong>gracia</strong></span> <span class='ocrx_word' id='word_1_209' title='bbox 1054 3505 1202 3588; x_wconf 86' lang='lat' dir='ltr'><strong>simplici-</strong></span> 
     </span>
     <span class='ocr_line' id='line_1_29' title="bbox 171 3615 1201 3700; baseline 0.004 -22"><span class='ocrx_word' id='word_1_210' title='bbox 171 3617 244 3678; x_wconf 87' lang='lat' dir='ltr'><strong>tatis</strong></span> <span class='ocrx_word' id='word_1_211' title='bbox 266 3637 336 3678; x_wconf 91' lang='lat' dir='ltr'><strong>cum</strong></span> <span class='ocrx_word' id='word_1_212' title='bbox 360 3616 445 3677; x_wconf 89' lang='lat' dir='ltr'><strong>omni</strong></span> <span class='ocrx_word' id='word_1_213' title='bbox 470 3615 621 3678; x_wconf 88' lang='lat' dir='ltr'><strong>uirtutum</strong></span> <span class='ocrx_word' id='word_1_214' title='bbox 643 3617 837 3679; x_wconf 86' lang='lat' dir='ltr'><strong>discrecione</strong></span> <span class='ocrx_word' id='word_1_215' title='bbox 857 3615 1011 3696; x_wconf 86' lang='lat' dir='ltr'><strong>preditus,</strong></span> <span class='ocrx_word' id='word_1_216' title='bbox 1032 3626 1201 3700; x_wconf 85' lang='lat' dir='ltr'><strong>postquam</strong></span> 
     </span>
     <span class='ocr_line' id='line_1_30' title="bbox 171 3725 1203 3812; baseline 0.003 -22"><span class='ocrx_word' id='word_1_217' title='bbox 171 3727 252 3790; x_wconf 88' lang='lat' dir='ltr'><strong>uidit</strong></span> <span class='ocrx_word' id='word_1_218' title='bbox 275 3725 413 3789; x_wconf 87' lang='lat' dir='ltr'><strong>adultam</strong></span> <span class='ocrx_word' id='word_1_219' title='bbox 437 3725 532 3789; x_wconf 83' lang='lat' dir='ltr'><strong>iidem</strong></span> <span class='ocrx_word' id='word_1_220' title='bbox 556 3727 688 3808; x_wconf 85' lang='lat' dir='ltr'><strong>perfecti</strong></span> <span class='ocrx_word' id='word_1_221' title='bbox 716 3727 877 3810; x_wconf 79' lang='lat' dir='ltr'><strong>religionis</strong></span> <span class='ocrx_word' id='word_1_222' title='bbox 900 3727 998 3790; x_wconf 86' lang='lat' dir='ltr'><strong>robur</strong></span> <span class='ocrx_word' id='word_1_223' title='bbox 1022 3731 1203 3812; x_wconf 90' lang='lat' dir='ltr'><strong>accepisse,</strong></span> 
     </span>
     <span class='ocr_line' id='line_1_31' title="bbox 171 3837 1203 3922; baseline 0.005 -22"><span class='ocrx_word' id='word_1_224' title='bbox 171 3839 282 3922; x_wconf 87' lang='lat' dir='ltr'><strong>legalis</strong></span> <span class='ocrx_word' id='word_1_225' title='bbox 297 3839 457 3900; x_wconf 88' lang='lat' dir='ltr'><strong>uinculum</strong></span> <span class='ocrx_word' id='word_1_226' title='bbox 472 3839 604 3902; x_wconf 86' lang='lat' dir='ltr'><strong>cathena</strong></span> <span class='ocrx_word' id='word_1_227' title='bbox 620 3837 769 3920; x_wconf 83' lang='lat' dir='ltr'><strong>cogitauit</strong></span> <span class='ocrx_word' id='word_1_228' title='bbox 783 3837 942 3914; x_wconf 87' lang='lat' dir='ltr'><strong>relaxare,</strong></span> <span class='ocrx_word' id='word_1_229' title='bbox 964 3841 1137 3922; x_wconf 91' lang='lat' dir='ltr'><strong>prudenter</strong></span> <span class='ocrx_word' id='word_1_230' title='bbox 1152 3851 1203 3905; x_wconf 88' lang='lat' dir='ltr'><strong>ut-</strong></span> 
     </span>
     <span class='ocr_line' id='line_1_32' title="bbox 171 3947 1204 4036; baseline 0.003 -22"><span class='ocrx_word' id='word_1_231' title='bbox 171 3961 247 4036; x_wconf 87' lang='lat' dir='ltr'><strong>pote</strong></span> <span class='ocrx_word' id='word_1_232' title='bbox 269 3951 479 4034; x_wconf 88' lang='lat' dir='ltr'><strong>perpendens,</strong></span> <span class='ocrx_word' id='word_1_233' title='bbox 500 3951 664 4035; x_wconf 77' lang='lat' dir='ltr'><strong>indignum</strong></span> <span class='ocrx_word' id='word_1_234' title='bbox 679 3970 764 4027; x_wconf 87' lang='lat' dir='ltr'><strong>esse,</strong></span> <span class='ocrx_word' id='word_1_235' title='bbox 788 3947 891 4014; x_wconf 88' lang='lat' dir='ltr'><strong>sliam</strong></span> <span class='ocrx_word' id='word_1_236' title='bbox 906 3959 1114 4034; x_wconf 89' lang='lat' dir='ltr'><strong>spontaneum</strong></span> <span class='ocrx_word' id='word_1_237' title='bbox 1127 3951 1204 4018; x_wconf 83' lang='lat' dir='ltr'><strong>fidel</strong></span> 
     </span>
     <span class='ocr_line' id='line_1_33' title="bbox 172 4063 1203 4148; baseline 0.003 -21"><span class='ocrx_word' id='word_1_238' title='bbox 172 4063 305 4128; x_wconf 86' lang='lat' dir='ltr'><strong>militem</strong></span> <span class='ocrx_word' id='word_1_239' title='bbox 327 4064 436 4147; x_wconf 85' lang='lat' dir='ltr'><strong>legalis</strong></span> <span class='ocrx_word' id='word_1_240' title='bbox 452 4083 532 4146; x_wconf 89' lang='lat' dir='ltr'><strong>pene</strong></span> <span class='ocrx_word' id='word_1_241' title='bbox 547 4063 640 4127; x_wconf 85' lang='lat' dir='ltr'><strong>timor</strong></span> <span class='ocrx_word' id='word_1_242' title='bbox 655 4069 832 4148; x_wconf 87' lang='lat' dir='ltr'><strong>torqueret,</strong></span> <span class='ocrx_word' id='word_1_243' title='bbox 853 4084 948 4148; x_wconf 88' lang='lat' dir='ltr'><strong>quem</strong></span> <span class='ocrx_word' id='word_1_244' title='bbox 962 4085 1021 4128; x_wconf 90' lang='lat' dir='ltr'><strong>nec</strong></span> <span class='ocrx_word' id='word_1_245' title='bbox 1035 4067 1104 4148; x_wconf 90' lang='lat' dir='ltr'><strong>ipsa</strong></span> <span class='ocrx_word' id='word_1_246' title='bbox 1117 4085 1203 4130; x_wconf 88' lang='lat' dir='ltr'><strong>mors</strong></span> 
     </span>
     <span class='ocr_line' id='line_1_34' title="bbox 173 4175 1204 4262; baseline 0 -22"><span class='ocrx_word' id='word_1_247' title='bbox 173 4177 213 4240; x_wconf 91' lang='lat' dir='ltr'><strong>ab</strong></span> <span class='ocrx_word' id='word_1_248' title='bbox 235 4176 342 4260; x_wconf 81' lang='lat' dir='ltr'><strong>agnite</strong></span> <span class='ocrx_word' id='word_1_249' title='bbox 364 4175 427 4240; x_wconf 90' lang='lat' dir='ltr'><strong>ium</strong></span> <span class='ocrx_word' id='word_1_250' title='bbox 450 4175 647 4240; x_wconf 87' lang='lat' dir='ltr'><strong>confessione</strong></span> <span class='ocrx_word' id='word_1_251' title='bbox 667 4177 809 4240; x_wconf 88' lang='lat' dir='ltr'><strong>ueritatis</strong></span> <span class='ocrx_word' id='word_1_252' title='bbox 835 4179 1015 4262; x_wconf 83' lang='lat' dir='ltr'><strong>abstergere</strong></span> <span class='ocrx_word' id='word_1_253' title='bbox 1040 4177 1204 4259; x_wconf 87' lang='lat' dir='ltr'><strong>potuisset.</strong></span> 
     </span>
     <span class='ocr_line' id='line_1_35' title="bbox 173 4287 1204 4374; baseline 0.002 -20"><span class='ocrx_word' id='word_1_254' title='bbox 173 4287 226 4354; x_wconf 84' lang='lat' dir='ltr'><strong>hie</strong></span> <span class='ocrx_word' id='word_1_255' title='bbox 251 4289 397 4352; x_wconf 85' lang='lat' dir='ltr'><strong>nimirum</strong></span> <span class='ocrx_word' id='word_1_256' title='bbox 418 4303 496 4354; x_wconf 79' lang='lat' dir='ltr'><strong>cum·</strong></span> <span class='ocrx_word' id='word_1_257' title='bbox 514 4289 638 4356; x_wconf 90' lang='lat' dir='ltr'><strong>uideret</strong></span> <span class='ocrx_word' id='word_1_258' title='bbox 662 4298 794 4374; x_wconf 88' lang='lat' dir='ltr'><strong>propter</strong></span> <span class='ocrx_word' id='word_1_259' title='bbox 812 4290 917 4354; x_wconf 89' lang='lat' dir='ltr'><strong>ciuilia</strong></span> <span class='ocrx_word' id='word_1_260' title='bbox 935 4287 1018 4354; x_wconf 88' lang='lat' dir='ltr'><strong>belia</strong></span> <span class='ocrx_word' id='word_1_261' title='bbox 1038 4307 1139 4374; x_wconf 90' lang='lat' dir='ltr'><strong>usque</strong></span> <span class='ocrx_word' id='word_1_262' title='bbox 1163 4289 1204 4356; x_wconf 86' lang='lat' dir='ltr'><strong>&#39;ad</strong></span> 
     </span>
    </p>
   </div>
   <div class='ocr_carea' id='block_1_3' title="bbox 0 0 1480 4758">
    <p class='ocr_par' dir='ltr' id='par_1_3' title="bbox 0 0 1480 4758">
     <span class='ocr_line' id='line_1_36' title="bbox 0 0 1480 4758; baseline 0 0"><span class='ocrx_word' id='word_1_263' title='bbox 0 0 1480 4758; x_wconf 95' lang='lat' dir='ltr'><strong> </strong></span> 
     </span>
    </p>
   </div>
  </div>
 </body>
</html>
