2904 4754
306 375 366 446 190
408 396 495 446 nece
510 399 550 445 rr.
565 399 656 446 asans
670 397 821 448 narraras
835 399 994 448 aosrrruu
1007 401 1047 446 ns
1062 401 1209 452 rrsrrrcz.
1242 385 1330 452 1255.

305 553 398 634 agris,
420 572 455 616 ac
469 553 560 618 liberi
575 554 636 617 sint
648 553 731 618 inira
745 554 938 636 subscriptas
954 565 1054 619 metas
1066 557 1100 618 in
1114 558 1259 636 omnibus
1272 559 1331 624 uti·

304 663 442 728 litutibus
457 667 531 741 suis,
552 674 682 748 excepta
699 647 871 728 uenaoione
888 673 919 730 et
933 667 1067 750 piscium
1081 670 1244 752 capcione.

387 779 443 854 (l)
464 780 540 842 ltem
558 779 597 842 de
613 781 679 843 auri
696 779 803 842 ludina
818 780 942 844 soluant
955 781 1127 858 decimam,
1148 783 1188 846 de
1203 792 1331 866 argento

305 908 382 954 uero
397 897 428 952 et
443 891 482 952 de
497 889 564 954 aliis
580 891 725 953 omnibus
744 889 876 954 metallis
899 899 1042 954 octauam
1063 900 1185 974 partem
1207 895 1330 957 soluere

304 995 480 1064 teneantur.

387 1115 449 1188 (5)
471 1114 549 1179 ltem
564 1113 596 1175 in
612 1115 697 1176 omni
711 1133 804 1176 causa
819 1133 881 1198 que
897 1117 936 1178 ad
951 1133 1086 1180 examen
1101 1117 1197 1180 duelli
1214 1102 1345 1182 iudice'

304 1233 366 1299 tur,
381 1225 407 1287 si
422 1244 557 1306 persona
577 1225 646 1300 illa,
668 1247 730 1308 que
751 1227 836 1308 ipsos
858 1227 995 1310 impetit,
1017 1227 1056 1292 sit
1077 1228 1207 1310 deipsis
1230 1229 1284 1294 uel
1295 1229 1330 1296 li·

303 1335 433 1398 bertatis
455 1343 510 1398 aut
527 1336 667 1400 nacionis
687 1355 812 1410 eorum,
831 1335 907 1401 illud
924 1335 1063 1402 duellum
1083 1357 1155 1402 cum
1169 1337 1261 1403 scuto
1280 1361 1329 1406 ro-

303 1448 434 1510 tundato
450 1455 481 1510 et
495 1445 605 1530 gladiis
621 1447 749 1510 debebit
763 1449 910 1530 pugnari,
931 1457 1025 1531 prout
1039 1450 1197 1518 Saxonum
1213 1451 1329 1514 obtinet

304 1560 510 1622 consuetudo.
539 1560 564 1620 si
584 1579 662 1622 uero
681 1535 828 1644 extranee
850 1559 1043 1622 condicionis
1063 1580 1199 1642 persona
1220 1561 1329 1634 fuerit,-

302 1676 377 1732 tunc
392 1669 502 1731 modus
518 1667 613 1730 duelli
628 1669 659 1730 in
674 1669 757 1751 regis
771 1667 898 1732 arbitrio
913 1671 1097 1737 remanebit.
1296 1745 1299 1748 ,
1434 1757 1436 1764 Ι

387 1779 445 1854 (6)
467 1779 544 1841 ltem
559 1779 599 1840 ad
614 1779 728 1840 nullius
742 1780 925 1842 citacionem
941 1779 1106 1844 incuriam
1121 1783 1232 1860 uenire
1243 1791 1326 1846 tenc·

303 1890 430 1962 buntur,
451 1889 511 1952 nisi
524 1909 581 1972 per
596 1896 719 1952 nostras
733 1889 885 1972 speciales
899 1891 1018 1954 litteras
1039 1893 1156 1960 luerint
1177 1893 1280 1966 citati,
1298 1900 1326 1954 et

303 2001 455 2076 innostri
477 2001 639 2084 presencia
660 2002 712 2066 uel
732 2001 827 2076 illius,
849 2005 898 2066 cui
916 2021 959 2082 terr
979 2012 1065 2092 certa
1080 2006 1325 2092 ¹concesserimus
1434 2005 1436 2010 ’

301 2111 433 2176 licencia
448 2113 574 2176 adstare
589 2114 790 2178 tenebuntur.
1168 2181 1170 2184 ,
1206 2151 1215 2160 ,
1314 2183 1316 2190 Α

385 2228 446 2301 (7)
468 2226 570 2307 Super
582 2225 631 2288 bis
646 2225 795 2308 predictis
810 2225 985 2308 hospitibus
1007 2227 1120 2288 nostris
1135 2228 1175 2289 de
1190 2227 1325 2292 Bistricia
1434 2215 1435 2218 Ἴ

303 2336 518 2410 concedimus,
541 2345 574 2398 nt
594 2344 701 2418 preter
716 2343 854 2401 nostram
869 2336 1091 2402 excellenciam
1114 2337 1219 2402 nullus
1233 2337 1326 2421 pessit
1434 2351 1436 2364 ’

302 2447 489 2510 descensum
503 2448 607 2510 facere
622 2469 718 2529 super
730 2449 827 2530 ipsos,
841 2449 901 2510 nisi
916 2467 995 2530 qaros
1007 2448 1067 2530 ipsi
1082 2449 1122 2511 de
1138 2448 1267 2532 propria
1279 2469 1325 2512 rc·

302 2557 443 2638 ceperint
457 2558 629 2620 uoluntate.

377 2671 442 2746 ἱ(8)
464 2669 644 2732 Addicimus
667 2670 767 2732 eciam
789 2681 823 2734 ut
838 2671 877 2734 ab
893 2672 978 2737 omui
993 2671 1209 2748 iurisdictione
1230 2681 1267 2737 et·
1281 2672 1324 2736 iu·

301 2781 382 2846 dicio
397 2784 545 2846 comitum
562 2782 601 2844 de
612 2781 739 2856 Zolum,
761 2803 817 2864 pro
833 2792 976 2866 tempore
992 2761 1249 2859 constitutorum,
1269 2785 1324 2848 sint

300 2893 425 2975 penitus
439 2893 530 2956 liberi
545 2902 576 2956 et
590 2893 714 2958 exemti.
839 2883 844 2894 ’

383 3007 441 3081 (9)
463 3004 611 3068 Uolumus
633 3006 749 3078 eciam,
769 3013 803 3067 ut
824 3003 941 3068 nullam
957 3007 1153 3084 exactionem
1175 3024 1235 3070 seu
1256 3027 1324 3072 ecn-

298 3135 368 3179 sum
382 3117 510 3180 racione
525 3117 653 3198 terragii
669 3115 761 3179 alicui
775 3113 900 3178 soluere
915 3124 1091 3190 teneantur.
1115 3202 1116 3210 ἵ

366 3285 368 3290 ,
381 3229 459 3302 (10)
480 3228 557 3288 ltem
572 3227 650 3287 circa
666 3226 910 3289 renouacionem
925 3235 1140 3301 monetarum,
1160 3227 1322 3293 numularii

298 3339 339 3400 ad
355 3359 409 3400 eos
435 3339 615 3410 uenientes,
650 3345 770 3417 septem
795 3338 905 3424 diebus
927 3347 1073 3424 pretextu
1094 3331 1178 3404 noue
1200 3325 1321 3422 monete

299 3449 416 3512 nullam
440 3449 472 3508 in
493 3447 579 3528 ipsos
601 3445 762 3510 habebunt
788 3457 989 3528 potestatem,
1014 3449 1132 3530 elapsis
1150 3469 1228 3513 uero
1250 3449 1321 3531 ipsis

299 3566 420 3639 septem
447 3559 571 3632 diebus,
603 3577 728 3620 omnem
754 3561 914 3624 habebunt
938 3561 1215 3655 iurisdictionem„
1235 3582 1322 3646 quem

298 3669 812 3752 babentinStrigoniouelRuda-
908 3689 910 3692 ·
1063 3751 1065 3756 Ι

380 3782 458 3855 (11)
488 3781 637 3844 Preterea
662 3781 702 3842 ad
730 3783 901 3844 exercitum
930 3783 982 3844 uel
1010 3783 1260 3864 expedicionem,
1287 3769 1323 3846 ad

298 3911 394 3972 quem
415 3909 473 3952 nos
495 3892 703 3979 personaliter
722 3893 768 3954 ire
785 3877 961 3976 continget,
984 3901 1016 3957 ct
1036 3893 1096 3976 ipsi
1112 3896 1264 3960 decenter
1275 3915 1322 3958 cr·
1434 3875 1435 3878 Ἴ

297 4000 378 4076 nati,
399 4002 460 4064 sub
473 4009 580 4066 nostro
594 4003 721 4071 uexillo
732 4002 778 4066 ire
792 4004 994 4094 tenebuntur.
1213 4091 1215 4098 Α

380 4116 461 4189 (12)
482 4115 613 4196 Insuper
626 4092 826 4180 concedimus
842 4112 1068 4199 prenominatis
1083 4095 1261 4200 hospitibus.
1271 4138 1322 4189 11⁰·

299 4225 424 4298 utrisne
439 4225 579 4296 Bistricia
593 4227 748 4317 quatenus
764 4249 802 4298 aa
822 4230 979 4317 gaudeant
999 4227 1144 4300 libertato
1165 4251 1262 4322 super
1275 4229 1321 4300 tri·
