2920 4758
271 403 333 465 tou
382 421 512 466 suumn
533 421 571 464 u.
587 419 678 465 nois
699 417 848 464 crumnis
869 417 1053 464 possumus.
1097 399 1188 462 1205.

271 591 367 653 quom
381 572 528 652 predictis
543 571 687 652 personis
702 571 828 654 triginta
847 572 947 653 possit
959 572 1060 653 ipsam
1075 570 1235 634 ciuitatem
1247 570 1303 632 in·

171 719 176 728 ·
270 683 366 745 tcoire
380 691 488 744 contra
502 682 698 745 uoluntatem
713 681 831 744 ciuium
846 682 1030 754 eorundem.

354 793 398 875 (3)
419 795 568 857 Uoiumus
590 794 689 856 coium
711 795 796 876 quod
820 795 847 858 si
871 794 983 876 aliquis
1007 795 1047 858 de
1069 813 1170 877 regno
1192 803 1304 858 nostro

272 907 372 968 dictos
395 903 481 968 ciues
506 906 539 968 in
562 905 667 987 aliquo
688 905 874 980 offenderit,
903 914 934 968 et
954 905 1043 968 ilium
1058 906 1250 970 offensorum
1267 907 1304 968 in

271 1036 329 1080 suu
343 1016 469 1079 ciuitate
483 1017 671 1091 inuenerint,
685 1017 826 1098 ipsorum
842 1015 964 1081 comitis
982 1016 1100 1078 iudicio
1114 1016 1206 1080 sicuti
1220 1017 1303 1080 ciuis

271 1129 360 1190 Nono
374 1118 544 1190 subiaceat.

353 1237 399 1320 (i)
420 1238 569 1303 Uoiumus
582 1241 682 1302 eciam
699 1239 784 1322 quod
805 1237 909 1304 nulius
925 1240 1007 1313 dux,
1028 1240 1128 1302 bunos
1147 1239 1201 1302 uel
1214 1239 1302 1300 uice-

272 1352 374 1414 hanus
386 1359 493 1414 noster
508 1353 607 1433 possit
623 1352 657 1414 in
671 1351 797 1414 ciuitate
812 1353 900 1413 Nouo
922 1351 1011 1432 regio
1032 1353 1084 1415 uei
1100 1369 1157 1412 suo
1173 1351 1302 1412 nomine

271 1461 483 1524 municionem
498 1481 729 1543 quamcumque
748 1469 942 1534 construere,
964 1460 1016 1522 uei
1037 1468 1246 1522 constructam
1267 1460 1300 1524 iu

271 1593 362 1636 suum
375 1574 428 1636 uei
441 1575 531 1656 regni
546 1572 719 1636 custodium
734 1572 905 1654 postulare.
932 1573 989 1635 sed
1002 1573 1061 1654 ipsi
1077 1573 1241 1636 Nouenses
1257 1572 1302 1634 ci-

272 1685 407 1748 uitatem
417 1691 450 1746 ct
463 1685 531 1748 eius
546 1683 740 1746 municiones
755 1683 797 1746 cd
810 1701 898 1746 suam
912 1683 1065 1746 tenebunt
1080 1691 1111 1746 et
1122 1683 1303 1748 custodient

272 1794 477 1856 uoluntatem.

357 1903 407 1986 (5)
429 1905 579 1968 Uolumus
601 1905 719 1980 coium,
741 1916 771 1970 et
789 1907 849 1970 hoc
871 1906 911 1970 de
933 1905 1039 1988 gracie
1058 1905 1148 1986 regia
1170 1905 1301 1968 facimus

273 2015 417 2098 speciali,
439 2017 523 2099 quod
544 2018 630 2080 ciues
645 2018 808 2082 Nouenses
831 2019 870 2082 de
890 2019 1003 2080 dandis
1018 2017 1107 2082 nobis
1129 2035 1185 2080 seu
1201 2037 1301 2099 regno

274 2129 435 2192 obsidibus
458 2137 612 2210 perpetuo
634 2137 706 2192 sunt
727 2131 880 2211 exempti,
902 2131 1030 2211 suisque
1045 2130 1164 2192 iuribus
1180 2137 1211 2192 et
1225 2149 1302 2191 con-

273 2240 492 2303 suetudinibus
510 2241 650 2322 antiquis
672 2241 716 2303 uti
736 2241 834 2304 libere
853 2241 993 2314 ualeant,
1016 2250 1048 2305 et
1067 2261 1122 2304 eas
1144 2241 1235 2304 sicuti
1255 2241 1301 2302 eis

273 2351 375 2414 uisum
390 2352 530 2416 fueritin
544 2371 636 2416 suum
651 2352 762 2415 melius
777 2361 979 2416 commutare.

357 2460 401 2543 (6)
425 2463 484 2544 ipsi
500 2483 577 2524 uero
592 2463 677 2524 ciues
689 2464 776 2526 Nono
792 2473 884 2526 erunt
897 2464 987 2526 nobis
1001 2472 1033 2526 et
1045 2462 1162 2526 nostris
1178 2479 1303 2525 succes·

274 2574 396 2635 sonibus
417 2572 528 2636 fideles
551 2574 673 2648 deuoti,
695 2593 754 2636 nec
775 2573 838 2636 ullo
854 2573 1020 2636 aiio'nobis
1041 2583 1072 2636 et
1091 2595 1191 2657 regno
1214 2583 1303 2636 tene-

273 2683 390 2746 buntur
403 2683 548 2757 seruicio,
563 2682 622 2746 nisi
634 2685 719 2765 quod
734 2684 919 2766 profitentur
930 2705 964 2747 sc
978 2667 1050 2748 esse
1066 2687 1198 2748 deuotos
1212 2685 1307 2767 regni

274 2795 388 2868 nostri,
410 2802 440 2856 et
462 2794 571 2858 laudes
593 2794 682 2877 regio
705 2804 812 2857 nostro
836 2796 972 2870 nomini,
993 2796 1085 2860 sicuti
1106 2805 1154 2882 est
1167 2817 1304 2858 consue-

273 2907 350 2968 tudo
369 2905 509 2968 fidelium
530 2901 708 2968 nostrorum
731 2906 770 2968 de
792 2906 964 2980 maritimis,
985 2928 1042 2988 pro
1057 2905 1302 2970 honorificencia

274 3019 362 3099 regia
384 3019 539 3080 consuetis
562 3019 672 3080 diebus
696 3017 908 3097 solempnibus
933 3038 991 3098 per
1014 3037 1104 3078 suum
1127 3017 1246 3080 clerum
1270 3023 1303 3078 et

275 3129 425 3210 populum
448 3129 673 3200 decantabunt,
703 3127 852 3210 quodque
875 3101 951 3190 nulii
976 3127 1095 3191 infideli
1116 3128 1168 3190 uel
1191 3127 1307 3190 rebelli

274 3241 380 3322 regio,
402 3239 455 3322 qui
468 3241 501 3300 in
517 3239 640 3318 publica
653 3245 727 3300 nota
746 3237 937 3301 infidelitatis
953 3259 1010 3320 per
1023 3259 1080 3302 nos
1095 3221 1301 3302 denunciatus

274 3352 384 3426 fuerit,
407 3353 481 3413 dure
497 3351 707 3431 quodcunque
729 3328 877 3413 ouxilium
889 3351 951 3414 uei
966 3352 1156 3414 adiutorium
1174 3368 1231 3414 seu
1247 3353 1302 3414 de-

275 3463 451 3525 fensionem
467 3468 688 3540 presummant.

359 3570 406 3653 (7)
428 3573 491 3632 Nos
505 3579 609 3632 autem
624 3571 649 3632 si
664 3589 853 3654 quocunque
875 3579 1016 3652 tempore
1037 3573 1090 3634 uel
1110 3579 1217 3634 noster
1232 3573 1301 3654 qui-

276 3683 324 3746 uis
339 3699 503 3744 successor
517 3683 556 3744 nd
572 3689 675 3762 portes
689 3681 860 3744 maritimas
881 3684 1078 3756 ueniremns‚
1101 3692 1132 3746 et
1146 3683 1300 3746 ueliemus

275 3796 391 3857 intrare
412 3794 512 3874 ipsam
538 3793 697 3857 ciuitatem
720 3795 916 3868 Nouensem,
937 3794 1033 3858 iidem
1055 3795 1141 3858 ciues
1162 3815 1220 3857 nos
1243 3815 1301 3876 pro

275 3925 370 3989 posse
384 3925 442 3968 suo
455 3905 578 3968 honore
590 3907 678 3987 regio
692 3904 725 3968 in
739 3905 837 3988 portis
853 3906 986 3970 ciuitatis
1001 3907 1172 3990 excipient,
1200 3913 1232 3968 et
1246 3905 1301 3967 de-

276 4015 403 4080 cencius
425 4017 510 4098 quod
531 4016 626 4080 fuerit
645 4015 822 4097 hospicium
845 4017 939 4080 uobis
962 4017 1173 4099 assignabunt.
1202 4015 1301 4082 ,ceteri

273 4148 353 4196 uero
373 4128 428 4214 qui
449 4134 557 4194 nostra
570 4125 694 4194 'fuerint
711 4128 872 4206 comitiua,
906 4147 1060 4216 occupare
1080 4128 1135 4204 uel
1155 4127 1307 4215 recipere
