2920 4758
291 409 353 474 390
374 427 486 474 aursni
500 429 545 474 ιιι.
559 429 588 473 r.
597 428 630 472 u.
645 427 853 474 courmuarro
867 426 979 474 srttom
993 425 1211 473 sranarrusrs.
1238 411 1336 476 1186.

376 579 422 664 (2)
444 582 477 645 st
498 583 610 665 aliquis
633 601 673 646 ex
697 583 857 646 canonicis
881 581 1013 646 ecclesie
1036 591 1091 645 tue
1115 583 1334 647 demandato

293 694 541 776 archiepiscopi,
563 694 616 776 qui
639 711 696 774 pro
717 701 859 775 tempore
881 693 992 768 tuerit,
1013 693 1065 756 nel
1087 694 1232 774 capituli,
1254 715 1335 776 pro-

293 804 423 867 cesserit
444 803 654 885 aliquorsum,
683 803 784 866 donec
807 812 896 866 extra
921 806 1148 886 permanserit,
1178 805 1331 888 exigente

293 916 500 990 necessitate,
522 915 641 978 tructus
663 915 826 997 prebende
849 935 923 990 sue,
944 935 1007 982 seu
1022 917 1100 980 allos
1115 917 1235 980 reditos
1251 937 1333 980 suos

292 1027 413 1108 integre
429 1034 651 1108 consequatur.

376 1135 419 1219 (3)
447 1138 637 1201 Prohibuisti
665 1140 765 1202 eciam
790 1159 830 1202 ne
855 1141 1073 1204 conuenticula
1097 1139 1229 1216 fierent,
1262 1162 1330 1224 que

294 1250 505 1314 fraternitates
524 1249 731 1332 appellentur,
753 1259 786 1314 et
801 1265 843 1314 ne
859 1267 966 1314 onmes
980 1251 1032 1313 uel
1047 1251 1127 1314 alius
1142 1251 1329 1334 quicunque
1445 1261 1447 1288 ¹

292 1360 391 1426 laicas
414 1381 486 1423 cum
506 1369 590 1424 tuam
612 1362 778 1426 ecclesiam
799 1369 923 1424 rectore
942 1381 1058 1424 uacare
1079 1363 1264 1444 contigerit,
1285 1363 1328 1426 dc

294 1473 404 1547 domo,
425 1473 487 1535 uel-
500 1468 571 1536 aliis
589 1474 684 1536 rebus
704 1471 941 1548 ecclesiasticis,
969 1493 1004 1535 se
1029 1467 1241 1537 intromittere
1260 1472 1327 1538 ullo

293 1586 388 1648 modo
400 1595 570 1668 presumat,
584 1585 637 1648 nel
651 1604 819 1667 perennem
832 1584 970 1667 aliquam
985 1585 1030 1647 eis
1044 1586 1201 1667 prolicere
1211 1631 1221 1648 .
1233 1631 1241 1648 .
1253 1631 1261 1648 .
1274 1631 1325 1649 ...

292 1697 430 1761 Clericus
447 1700 486 1760 de
502 1698 676 1772 communi,
697 1699 749 1760 uel
764 1697 889 1760 maioris
905 1705 936 1760 et
951 1698 1081 1760 sanioris
1096 1699 1195 1780 partis
1210 1701 1325 1762 suffra·
1446 1771 1447 1794 ,

294 1829 466 1890 ganearum
482 1805 611 1872 consilio
628 1809 751 1872 duxerit
765 1809 984 1872 ordinandum.

376 1918 423 2002 (b)
445 1921 584 1983 statuisti
596 1922 711 1994 eciam,
725 1929 760 1984 ut
773 1921 875 1984 nullus
890 1922 922 1984 in
937 1922 1120 1986 sacerdocio
1131 1922 1231 1986 durat
1244 1942 1325 1986 uxo·

292 2051 376 2106 rem,
396 2049 459 2094 nec
472 2031 511 2094 ad
526 2031 701 2096 sacerdocii
722 2033 867 2096 ordinem
885 2042 1073 2108 assumatur,
1093 2033 1156 2096 nisi
1173 2055 1208 2100 se
1223 2036 1326 2099 uictu·
1445 2055 1447 2128 ἐ

289 2163 362 2206 rum
376 2143 555 2226 promiserit
570 2144 777 2220 continenter,
795 2145 881 2226 quod
895 2144 1040 2208 uolumus
1056 2145 1153 2208 eciam
1168 2146 1201 2208 in
1215 2144 1325 2210 diaco-
1445 2143 1447 2208 j

291 2264 382 2322 natus
397 2257 508 2320 ordine
522 2257 695 2319 obseruari.

303 2413 308 2420 ,
373 2365 421 2450 (5)
442 2369 490 2432 Ad
504 2369 565 2432 bec
580 2370 711 2450 insuper
726 2370 870 2444 statuisti,
884 2379 920 2435 ut
931 2370 1039 2434 nullus
1054 2373 1220 2454 episcopus
1234 2393 1323 2454 pres·

289 2479 440 2554 biterum,
462 2500 518 2544 seu
535 2479 684 2542 clericum
704 2481 830 2546 alterius
846 2482 993 2548 dioecesis
1008 2484 1152 2566 accipere
1166 2483 1235 2546 sine
1248 2504 1323 2568 pro-

289 2590 349 2674 prii
372 2590 512 2672 episcopi
533 2589 661 2665 litteris,
687 2592 739 2654 nel
755 2593 902 2657 ordinare
919 2604 1095 2676 presumat3
1124 2601 1155 2658 et
1170 2604 1204 2660 nt
1217 2595 1322 2658 nullus

291 2701 424 2766 clericus
446 2701 610 2766 ecclesiam
631 2703 775 2768 obtinere
794 2725 853 2786 per
865 2705 963 2768 laicos
983 2706 1036 2768 uel
1050 2706 1194 2788 accipere
1210 2708 1250 2770 ab
1265 2707 1323 2795 alif

291 2833 355 2898 quo
370 2813 586 2878 inuestituram
601 2815 735 2878 ecclesie
750 2835 814 2878 aon
829 2817 970 2880 cacantis
986 2823 1165 2902 attemptet:
1188 2819 1275 2900 quod
1291 2818 1321 2882 si

288 2925 416 3000 lecerit,
438 2925 535 2988 officii
546 2927 755 3010 beneficiique
773 2947 857 3010 pena
871 2928 1046 2992 mulctetur.

346 3087 348 3092 ,
372 3033 422 3120 (6)
444 3039 480 3100 ln
494 3057 608 3102 caussa
622 3037 848 3114 ecclesiastica,
862 3039 928 3102 nisi
938 3059 1036 3120 parua
1049 3041 1107 3114 sit,
1121 3039 1237 3104 nullius
1252 3041 1320 3106 siae

288 3149 466 3215 iuramento
480 3149 693 3215 testimonium
708 3151 899 3226 admittatur,
919 3153 1006 3236 quod
1019 3153 1051 3216 in
1067 3153 1207 3236 qualibet
1219 3155 1320 3230 ceiam

290 3262 503 3329 ecclesiastica
517 3281 611 3326 causa
625 3262 755 3327 dicimus
771 3264 1016 3332 obseruandum.
1123 3333 1126 3336 ,

373 3370 419 3456 (7)
441 3375 488 3437 lta
510 3391 586 3436 uero
606 3374 645 3436 de
668 3373 855 3439 monialibus
876 3376 1056 3452 decreuisti‚
1078 3379 1166 3460 quod
1179 3387 1251 3462 post
1264 3400 1321 3444 an·

289 3506 366 3551 num
387 3505 444 3548 sue
468 3485 668 3566 probacionis
691 3485 835 3550 uelamen
856 3487 1027 3570 accipiant,
1049 3497 1101 3551 ant
1118 3491 1320 3574 egrediantur

290 3597 329 3664 de
353 3595 506 3670 claustr03
528 3596 613 3678 quod
635 3596 680 3660 sic
699 3603 823 3660 tantum
841 3597 988 3662 uolumus
1011 3601 1190 3676 obseruari,
1211 3611 1246 3666 ut
1265 3623 1319 3666 ex·

289 3705 379 3788 pulsc
400 3706 433 3770 in
454 3704 560 3788 aliquo
581 3707 653 3770 loco
675 3716 785 3774 uotum
805 3729 897 3805 snum
915 3706 925 3792 l
933 3709 1134 3794 asseruerat:
1156 3733 1197 3776 ne
1211 3714 1320 3786 redar-
1440 3716 1441 3719 ’

290 3817 415 3898 guende
430 3820 686 3900 transgressionis
700 3821 879 3884 uideantur.

329 3993 332 4000 ,
373 3923 417 4010 (8)
438 3928 602 4000 Abbatissa
614 3939 694 3994 uero
708 3931 790 3997 intra
803 3951 946 3999 mensem
962 3933 1123 4000 electionis
1143 3957 1202 4000 sne
1220 3939 1320 4001 bene-

290 4039 461 4126 dictionem
483 4043 631 4126 accipiat,
651 4043 705 4109 ael
724 4053 848 4128 remota
868 4047 982 4113 eadem
1003 4047 1064 4110 alia
1085 4049 1274 4134 subrogetur
1288 4059 1320 4116 et

288 4173 393 4242 neque
413 4153 500 4220 lineo
520 4155 727 4232 uestimento,
748 4177 853 4242 neque
875 4177 970 4224 cerne
990 4166 1136 4249 utantur,
1156 4163 1220 4234 nisi
1236 4162 1319 4228 forte

288 4262 405 4354 tuerint
417 4263 599 4360 infirmitate
612 4267 748 4338 detenta.
813 4355 816 4362 y
