2920 4758
411 435 555 490 susurrus
575 435 815 488 recursus.
853 423 944 488 tati.
1129 419 1188 488 tii

154 596 290 680 promia
305 595 417 660 meritc
430 592 652 657 retribucionis
670 595 807 676 greciam
820 591 983 676 impertiri.
1004 593 1191 656 accedentes

155 708 273 790 itaque
289 703 400 768 fideles
423 705 524 767 nostri
546 704 689 786 hospites
702 703 874 771 ‚Teutonici
896 701 1096 768 Uiucsiiusni
1120 704 1192 766 uni·-

155 817 246 880 ucrsi
268 816 308 879 ad
326 815 429 897 pedes
444 821 552 878 nostra
566 814 737 880 maiestatis
743 834 752 889 ·,
773 815 933 878 humiliter
946 813 1037 880 nobis
1050 832 1191 897 conque·

156 937 280 1002 rcutcS,
302 947 359 990 sua
379 925 576 1008 querimonia
600 925 782 1007 suppiiciter
805 925 895 988 nubis
919 933 1190 1000 monstrauerurrt,

157 1041 247 1123 quud
261 1038 421 1120 penitusc
435 1056 493 1100 sua
507 1037 667 1110 libertate,
681 1055 742 1119 qus
757 1037 860 1100 uocati
875 1037 1001 1101 meram
1016 1057 1032 1100 a
1048 1035 1190 1120 piissimo

158 1161 237 1234 ‘rege
251 1151 354 1232 Geysa
378 1162 439 1212 suo
459 1153 587 1223 nostru,
608 1149 813 1223 excidissent,
836 1149 897 1211 nisi
914 1164 1079 1230 superous
1095 1150 1192 1213 maie

159 1270 225 1326 sias
245 1260 334 1342 regia
348 1259 457 1323 conius
473 1259 567 1322 soiite
582 1259 705 1341 pietatis
727 1253 834 1322 nostre
857 1260 1009 1341 aperiret,
1030 1261 1114 1324 unde
1134 1281 1191 1344 pre

158 1373 259 1436 nimia
273 1379 459 1454 paupertate
473 1369 593 1433 nulium
608 1371 763 1434 maiestati
783 1371 870 1454 regie
885 1372 1054 1434 seruicium
1068 1379 1192 1454 poteret

159 1483 331 1566 impense
357 1501 415 1545 nos
428 1483 524 1565 igitur
535 1481 627 1544 iustis
641 1497 753 1544 eorum
767 1482 972 1564 querimoniis
993 1500 1086 1546 aures
1100 1483 1191 1546 soiite

159 1594 287 1678 pictatis
308 1584 507 1667 inclinantes,
538 1594 578 1656 ad
600 1593 800 1674 presencium
823 1597 1086 1675 posterorumque
1111 1591 1193 1656 noti·

161 1706 244 1768 ciem
265 1707 412 1768 uolumus
433 1706 603 1780 deuenire,
625 1706 710 1787 quod
732 1725 789 1768 nos
811 1713 1046 1768 antecessorum
1068 1712 1193 1767 nostro·

159 1829 233 1880 rum
250 1817 309 1898 piis
324 1815 465 1898 uestigiis
479 1815 674 1889 inherentes,
695 1817 815 1897 pietatis
829 1817 1109 1889 mutinensibus,
1128 1817 1193 1898 pri·

161 1929 276 1992 stincrn
289 1927 336 1990 eis
350 1928 511 1990 reddimus
526 1927 721 2002 ubertatem,
741 1928 784 1990 itu
800 1936 924 1991 tamen:

246 2040 315 2115 (d)
326 2037 412 2121 quod
421 2039 595 2101 uniuersus
606 2038 744 2120 pupulus
757 2037 911 2120 incipiens
927 2057 946 2100 a
960 2037 1074 2102 Uaross
1091 2059 1192 2122 usque

162 2153 204 2215 cd
228 2149 349 2225 Barait,
379 2167 449 2212 curn
473 2157 559 2212 terra
578 2148 779 2224 Siculorum,
801 2159 893 2212 vterra
914 2149 1031 2212 &ebus
1057 2157 1089 2212 et
1109 2157 1194 2214 terra

161 2265 284 2327 Dareus
297 2278 380 2324 onus
394 2261 594 2344 sit-populus,
616 2268 648 2322 et
662 2262 726 2322 sub·
733 2276 799 2322 uno
811 2261 914 2322 iudice
929 2261 1106 2333 censeatur,
1127 2271 1193 2321 um'-

161 2375 256 2438 nibus
270 2361 469 2436 comitatibus
484 2379 591 2457 preter
600 2371 811 2465 cibiniensem
827 2371 1021 2434 cessantibus
1035 2369 1194 2434 radicitus.

247 2487 310 2560 (ἢ)
332 2483 446 2547 Comes
461 2503 538 2547 uero
554 2483 733 2566 quicunque
748 2483 842 2546 fuerit
857 2483 1054 2557 Cibisiensis,
1075 2483 1196 2545 nulium

162 2605 326 2681 presumat
340 2603 481 2660 statuere·
491 2595 524 2657 in
540 2595 687 2675 predictis
698 2595 905 2668 comitatibus,
916 2595 977 2656 nisi
991 2594 1030 2658 sit
1043 2595 1124 2658 intra
1139 2613 1195 2658 cos

163 2709 319 2782 residens,
340 2713 372 2770 et
391 2707 493 2788 ipsum
516 2705 625 2788 populi
647 2705 781 2787 eligant,
801 2705 854 2786 qui
875 2703 987 2767 meiius
1001 2705 1128 2768 uidetur
1141 2724 1196 2767 ex-

165 2819 286 2900 pedire.
317 2837 377 2880 nec
403 2818 502 2880 eciam
526 2815 560 2880 iu
585 2815 919 2881 comitatuCihiuiensi
944 2813 1056 2896 aliquis
1082 2816 1197 2876 audeat

163 2949 350 3012 comparere
373 2930 516 3010 pecunia.

249 3039 305 3116 (3)
327 3041 375 3104 Ad
388 3039 510 3102 lucrum
523 3057 603 3102 uero
618 3048 724 3103 nostre
736 3055 861 3100 mmcre
873 3037 1060 3120 quingentas
1074 3054 1197 3098 marces

166 3153 289 3235 argenti
311 3153 386 3213 dare
408 3157 574 3214 teneantur
597 3151 767 3212 annuatim.
798 3148 918 3210 nulium
943 3147 1115 3230 prediuienr
1141 3146 1195 3210 uei

165 3261 339 3347 quemlibet
353 3261 448 3324 alium
462 3261 608 3323 uolumus
622 3261 704 3334 intra
718 3259 867 3324 terminos
879 3257 1062 3323 eorumdem
1078 3259 1195 3346 positos

166 3373 281 3438 abhuc
297 3373 421 3436 excludi
438 3371 638 3446 reddicione,
659 3373 719 3434 nisi
734 3373 787 3455 qui
801 3391 896 3452 super
909 3371 970 3434 hoc
985 3369 1119 3453 gaudent
1134 3371 1198 3452 pri·

167 3484 284 3567 uilegio
298 3483 436 3564 speciali.

252 3595 309 3670 (i)
327 3593 399 3656 iius
421 3593 521 3656 eciam
543 3593 663 3656 eisdem
686 3594 911 3668 concedimus
924 3595 1010 3676 quod
1032 3595 1198 3676 pecuniam

167 3717 264 3790 quam
290 3705 381 3767 nobis
405 3705 527 3768 soluere
553 3703 745 3768 tenebuntur
770 3721 827 3767 seu
850 3705 1093 3787 dignoscuntur,
1126 3723 1198 3768 curn

169 3817 256 3880 nuile
278 3816 338 3878 aiio
361 3816 503 3898 pondere
513 3831 532 3890 ,·
543 3815 603 3878 uisi
618 3831 689 3878 cum
704 3828 809 3878 marca
824 3823 992 3897 argentea,
1014 3835 1108 3899 quam
1123 3818 1198 3899 piis·

166 3929 248 3992 'sime
262 3927 495 3992 recordacionis
509 3935 600 4010 pater
614 3933 722 3991 nuder
735 3927 811 3992 Boia
825 3928 946 3991 eisdem
961 3921 1130 4003 conditui,
1150 3929 1199 3991 ui·

167 4039 291 4104 delicet·
308 4041 453 4123 quintum
475 4037 639 4103 dimidium
659 4041 817 4104 orionem
835 4039 1028 4104 ·Cibiniensis
1048 4039 1198 4123 ponderis

167 4162 243 4218 cun
258 4149 438 4216 Goiunicn'si
451 4151 591 4228 uacuis
606 4147 667 4216 nisi
682 4153 906 4240 disuecmie
919 4159 1034 4219 sicum
1042 4193 1051 4229 ,
1062 4149 1198 4218 'sniacrc

167 4271 376 4336 unumst
480 4280 567 4312 2'
700 4281 759 4296 ¹·
