2920 4758
277 384 339 450 371
517 401 651 452 srnoous
673 401 901 450 sruconssnsrs
929 403 1063 448 sursus.

361 557 417 632 (9)
439 564 473 620 ut
484 553 587 618 nullus
598 555 766 638 episcopus
776 553 913 638 aliquem
928 560 1112 638 promouent
1122 553 1309 620 clericorum

278 669 318 732 ud
333 669 533 732 diaconatum
554 669 606 732 uel
627 667 726 743 ultre,
749 667 808 730 nisi
824 667 909 750 prius
924 667 1152 730 continenciam
1171 669 1308 744 nouerit,

279 787 310 844 ct
328 780 355 842 si
376 799 508 842 uxorem
521 779 681 854 hebuerit,
703 799 742 842 ex
757 779 823 842 eius
837 778 892 842 fiet
906 798 1063 842 consensu
1077 777 1162 842 idem
1175 779 1308 861 promit-

277 892 381 954 tentis,

361 1003 439 1078 (10)
460 1009 494 1067 ut
515 1001 619 1066 nnbus
640 1003 824 1086 coniugatus
844 1001 998 1086 presbiter
1019 1008 1072 1064 eut
1091 1001 1241 1070 diaconus
1260 1003 1306 1066 el·

277 1116 335 1178 teri
351 1114 525 1189 descruiat,
545 1114 606 1176 nisi
622 1115 707 1198 prius
722 1114 812 1200 uxori
828 1113 1012 1176 concedenti
1028 1121 1059 1176 et
1074 1113 1304 1204 continenciam

278 1220 409 1289 uouenti
435 1225 539 1288 locum
564 1234 744 1308 separatum
769 1233 801 1288 et
827 1225 1008 1288 necessarie
1035 1225 1101 1288 uite
1124 1223 1306 1308 temporetis

278 1335 457 1418 prouidere,
479 1343 511 1400 et
530 1338 704 1400 secundum
725 1334 903 1420 apostolum
923 1335 1044 1398 babens
1060 1337 1151 1419 quasi
1171 1357 1236 1400 non
1249 1337 1306 1400 ba·

278 1448 407 1512 bentcm
421 1468 454 1511 se
471 1468 540 1511 esse
555 1447 717 1532 intelliget.

361 1562 439 1636 (11)
462 1567 495 1623 nt
507 1559 612 1625 nubus
626 1561 723 1624 leicus
737 1559 869 1623 ecclesie
883 1565 1070 1642 potestatem
1084 1558 1210 1623 hebeat.

360 1673 441 1748 (12)
463 1671 490 1732 si
514 1671 669 1752 presbiter
693 1671 783 1734 altari
807 1671 991 1734 deseruicns
1019 1671 1225 1735 concubinam
1249 1671 1306 1734 be·

278 1783 397 1856 buerit,
417 1783 471 1844 itta
492 1781 663 1855 auferatur,
683 1780 736 1844 ilie
754 1801 832 1844 uero
855 1782 940 1844 iuxta
961 1789 1145 1864 preceptum
1165 1783 1306 1865 episcopi

277 1894 381 1956 fructu
401 1900 531 1974 peracto
546 1892 723 1974 penitencie
744 1892 785 1954 ed
799 1891 1037 1956 ministrandum
1055 1890 1146 1955 atteri
1159 1892 1308 1956 restitua-

277 2012 329 2068 tur
343 2003 486 2066 ecclesie.

361 2116 444 2193 (13)
467 2123 502 2178 ut
522 2115 598 2177 uitia
617 2115 651 2177 in
665 2133 727 2198 que
746 2123 793 2178 est
809 2115 959 2191 ecclesie,
981 2117 1020 2178 eb
1036 2115 1307 2199 ecclesinlongius

278 2247 343 2294 non
366 2228 512 2303 recedet,
542 2227 628 2310 quod
653 2227 679 2290 si
706 2227 875 2292 recesserit
897 2228 928 2289 X
952 2247 1065 2310 penses
1091 2228 1251 2311 persoluat
1274 2236 1307 2293 et

276 2341 398 2404 redeat.

360 2451 439 2527 (ii)
462 2451 488 2514 si
503 2451 573 2534 quis
587 2451 668 2516 festa
688 2451 867 2519 uendidcrit
886 2450 1026 2534 precium
1048 2458 1214 2534 acceptum
1228 2432 1307 2535 que-

279 2561 392 2643 druplo
406 2563 565 2636 restituet,
585 2561 654 2643 ipse
667 2581 745 2624 uero
761 2562 938 2644 penitencie
953 2563 1124 2627 subiaceat.

362 2674 440 2750 (15)
462 2673 488 2735 si
511 2672 581 2756 quis
602 2673 775 2756 descriptas
790 2674 977 2738 iestiuitetes
998 2695 1062 2738 non
1082 2675 1306 2752 celebrauerit,

278 2785 323 2848 sic
342 2784 520 2846 uindicetur
533 2784 566 2846 in
585 2805 672 2848 eum:
695 2784 721 2848 si
742 2785 822 2850 liber
836 2794 884 2849 est
903 2787 1004 2850 tribus
1025 2785 1136 2854 diebus
1150 2788 1306 2868 peniteat,

277 2895 304 2959 si
319 2915 430 2958 seruus
445 2904 565 2978 septem
579 2897 680 2990 plagis
693 2897 852 2960 multetur.

360 3005 439 3082 (16)
462 3006 577 3088 placuit
596 3015 703 3070 sancte
726 3009 865 3090 synodo,
885 3015 921 3070 ut
940 3006 1041 3070 omnis
1059 3007 1233 3091 coniugalis
1252 3010 1307 3072 de·
1332 2996 1341 3005 ⁸

278 3117 445 3200 sponsecio
466 3117 499 3180 in
522 3125 693 3199 conspectu
715 3119 864 3193 ecclesie,
885 3128 1033 3201 presente
1049 3113 1230 3197 secerdote,
1254 3141 1305 3183 co-

277 3245 345 3290 rem
366 3227 499 3310 ydoneis
521 3227 653 3290 testibus
675 3227 780 3312 aliquo
803 3230 893 3312 signo
915 3230 1145 3292 suberracionis
1168 3247 1208 3293 ex
1231 3249 1305 3293 con·

277 3338 560 3420 sensuutriusquc
588 3338 695 3415 fieret,
721 3339 812 3404 aliter
830 3361 895 3404 non
917 3341 1115 3424 coniugium,
1142 3341 1200 3406 sed
1226 3362 1306 3426 opus

278 3451 482 3515 tbrnicarium
495 3458 669 3533 reputetur.
