2924 4758
415 424 454 474 .s.
467 425 611 472 mersum
631 423 722 472 msc
742 425 950 472 nmmum.
1131 411 1192 476 329

243 577 310 662 (16)
333 579 378 641 tt«
388 581 568 660 septtqmto
581 579 726 642 morisim
739 581 808 642 diei.
850 580 884 642 Si
898 579 968 662 quis
982 580 1015 642 in
1028 579 1192 644 dominicis

158 667 273 756 diebus
290 697 464 754 merentum
479 689 690 764 constituerit,
710 690 845 771 precipit
859 699 966 754 sancte
981 691 1136 773 synodus,
1157 698 1192 754 ut

158 805 241 868 siout
261 801 450 876 construxit,
472 798 516 864 lte
529 802 681 866 destruet.
711 801 761 863 sin
775 809 895 874 eutem,
916 803 1078 884 quierem
1093 802 1191 876 nouit,

158 915 387 1000 quinquaginta
412 914 552 998 quinque
585 931 699 994 penses
730 911 832 976 soluat
863 913 985 974 clericis
1018 913 1191 977 aduenien-

158 1029 254 1106 unns,
356 1051 357 1058 ¹
859 1064 862 1077 ι
1034 1075 1036 1084 ,

244 1135 311 1220 (17)
332 1139 376 1200 De
395 1139 565 1220 inpletus.
616 1137 648 1200 Si
670 1138 740 1219 quis
761 1137 880 1219 hospes
898 1136 1031 1202 clericos
1056 1137 1090 1200 in
1107 1137 1190 1202 letne

158 1252 293 1336 patriam
315 1249 384 1316 ciue
406 1249 673 1314 commendaticiis
694 1249 805 1312 litteris
825 1248 966 1330 episcopi
987 1249 1037 1312 sui
1051 1249 1190 1323 uenerit,

157 1385 203 1428 ne
221 1363 303 1426 forte
315 1362 495 1450 'monachus
514 1371 567 1425 out
586 1359 743 1423 homicida
762 1359 871 1436 luerit,
890 1361 1007 1424 iudicio
1027 1361 1088 1426 sub
1102 1359 1191 1424 testi-

159 1475 268 1538 monio
283 1474 482 1538 discuciatur.
516 1501 519 1508 v
963 1479 966 1486 ·

243 1583 312 1668 (ts)
334 1587 379 1648 Dr
391 1586 559 1648 cotonea
580 1586 760 1646 austrorum.
804 1583 924 1666 Siquis
939 1583 1072 1647 clericus
1087 1583 1119 1648 in
1133 1603 1191 1666 pn·

157 1699 254 1763 triam
270 1717 362 1762 suem
381 1698 530 1770 ueniens,
552 1697 645 1760 edoni
659 1697 882 1778 episcoporum
904 1695 957 1758 uel
971 1695 1119 1758 comitum
1133 1695 1190 1758 ed·

157 1811 292 1885 heserit,
305 1819 340 1874 et
352 1829 425 1873 eum
435 1811 585 1873 ¹domiuus
600 1829 675 1873 suus
689 1809 771 1872 hene
786 1808 949 1882 hebuerit,
969 1815 1002 1870 et
1016 1809 1203 1878 secundum,

158 1923 334 2004 quodcum
349 1942 388 1984 eo
404 1923 563 1995 conuenit,
582 1922 770 1996 trootouerit,
791 1921 818 1984 si
833 1921 997 1986 discedere
1010 1921 1051 1984 ab
1064 1919 1118 1986 illo
1131 1941 1190 1984 uo·

157 2009 268 2110 luerit,
289 2053 490 2118 nequaquem
505 2034 665 2108 discedet,
686 2035 789 2098 donec
804 2033 889 2116 prius
905 2036 944 2098 de
958 2033 1113 2098 iniustieiu
1130 2034 1190 2096 sibi

156 2145 244 2208 illota
258 2144 292 2206 in
306 2145 472 2208 audiencia
486 2146 570 2228 regis
585 2143 819 2208 declamauerit.
941 2205 951 2222 ,

240 2256 311 2341 (19)
332 2259 376 2320 De
387 2261 534 2340 eprccionc
544 2260 738 2342 propriorem
751 2262 947 2324 ecelesiarum.
988 2259 1023 2322 Si
1039 2257 1186 2324 derelicto

158 2371 294 2436 ecclesia
307 2372 348 2434 ud
362 2371 437 2434 ulios
452 2372 664 2447 transiuerint,
679 2371 851 2454 pontificali
864 2373 932 2436 inre
945 2380 977 2437 ct
989 2373 1088 2456 reguli
1100 2393 1191 2436 men-

159 2486 245 2560 duto,
265 2486 350 2548 unde
364 2486 555 2548 transierunt
568 2487 610 2548 ibi
626 2487 731 2550 redire
745 2491 908 2570 cogenim.

244 2593 310 2680 (20)
331 2598 377 2658 Dc
388 2599 509 2659 muliere
526 2600 560 2660 is
579 2599 725 2660 adulterio
745 2599 935 2680 deprehenso.
979 2599 1012 2662 Si
1026 2599 1097 2681 quis
1111 2619 1191 2663 uxo-¹

158 2729 228 2772 rem
247 2710 382 2774 suumin
397 2709 552 2772 adulterio
568 2709 829 2792 deprehenderit,
851 2719 883 2775 et
900 2711 933 2774 in
954 2711 1107 2774 iudicium
1128 2719 1191 2776 stn-

158 2822 271 2896 tuerit,
292 2821 465 2884 secundum
480 2841 638 2884 canonum
651 2821 793 2886 instituto
810 2823 991 2905 penitencia
1002 2823 1192 2904 imponetur,

160 2943 193 2999 et
206 2941 336 3018 peracte
348 2933 545 3016 penitencia,
566 2933 592 2996 si
608 2933 739 2996 meritus
753 2931 905 3008 uoluerit,
924 2934 1039 2996 iterum
1051 2935 1192 3016 recipiet,

159 3045 352 3120 sinentem,
374 3047 524 3128 quamdiu
545 3022 645 3108 ambo
660 3045 813 3118 uixerint,
833 3045 960 3127 innupti
978 3056 1192 3128 permaneant.

244 3154 312 3239 1111
333 3158 377 3220 Dc
395 3159 608 3238 procuracione
626 3159 766 3220 meatum
786 3175 855 3237 erpo
871 3159 1019 3240 proprios.
1032 3161 1191 3241 episcopor.

160 3269 300 3333 Abbntes
314 3269 488 3331 secundnm
504 3269 632 3332 decreta
647 3275 768 3349 petrum
782 3267 815 3330 in
830 3270 1056 3350 procuracione
1070 3271 1193 3352 episco-

162 3399 276 3462 porum
297 3399 443 3454 suorum,
464 3379 498 3441 in
513 3379 601 3442 ouius
615 3380 771 3444 territorio
787 3389 875 3454 sunt,
895 3380 1056 3446 humiliter
1068 3400 1194 3464 permu—

161 3499 267 3556 nennt.
295 3500 327 3554 et
348 3508 412 3554 non
434 3491 532 3556 consol
551 3492 584 3553 in
604 3509 690 3557 enno
711 3492 768 3555 sed
787 3513 863 3575 sepe
878 3495 1067 3557 monasterio
1082 3515 1194 3558 eorum

162 3603 310 3686 episeopi-
326 3603 468 3677 uisitent,
489 3611 522 3666 et
542 3603 729 3686 regulariter
743 3605 841 3666 uitem
863 3613 895 3668 et
915 3607 1193 3673 conuersacionem

161 3715 294 3780 fratrum
309 3715 489 3778 discucient.
521 3715 669 3780 conuersi
680 3735 760 3780 uero
774 3718 921 3780 monachi
935 3719 985 3781 eui
1001 3721 1192 3784 monasterio

161 3828 391 3892 monachorum
412 3829 588 3904 noluerint,
609 3849 644 3892 se
659 3847 731 3892 cum
751 3829 847 3893 rebus
869 3831 935 3893 suis
956 3833 1194 3908 commendent,

160 3939 304 4004 similiter
319 3946 352 4002 ot
365 3939 519 4006 mensem
532 3940 567 4004 in
580 3940 772 4004 monasterio
786 3942 1023 4007 monacharum.
1045 3945 1194 4026 deinceps

161 4057 267 4115 autern
282 4051 395 4134 uliquis
410 4051 578 4135 episcopus
592 4060 647 4116 eut
660 4053 756 4116 obbas
770 4054 838 4118 sine
852 4054 942 4119 titulo
956 4057 1034 4120 certi
1048 4053 1110 4118 loci
1127 4073 1195 4117 mo-

160 4165 947 4232 nachumcutmonuohomnonuudeetordinere.
1181 4171 1183 4178 ’

904 4281 945 4350 tt
