2978 4754
282 419 345 490 idi
606 437 789 491 murana
810 437 986 489 carnee

283 593 430 676 coniugio
444 613 514 670 aaa
533 602 567 658 et
579 595 620 658 ab
634 594 719 659 omni
732 594 807 658 dote
820 592 970 673 annique
985 592 1103 666 dubita
1122 592 1155 656 io
1165 611 1232 676 quo
1246 608 1313 674 ets,

282 703 360 766 ritus
374 705 442 768 eius
457 705 487 767 ei
501 706 677 778 tenebatur,
698 723 844 768 moereas
860 723 896 768 se
909 711 1090 768 contentam
1104 725 1177 770 esse
1190 705 1315 770 aucam

281 813 343 883 itttr
357 815 511 898 capitibus
524 816 705 890 hominum,
725 833 806 898 quos
820 816 949 883 meritus
963 835 1040 880 suas
1054 815 1085 879 ei
1099 817 1242 882 ecateiit·

366 925 463 1002 (itt)
485 921 579 988 Tune
590 935 621 990 et
635 927 743 1008 Legya
759 934 936 993 castrenses
950 925 1171 992 Bienoricaees
1185 929 1225 994 de
1239 926 1316 999 nith

284 1037 388 1118 Gyan,
409 1037 670 1101 coadiuuaatibus
692 1037 778 1106 Luca
800 1035 940 1118 principe
960 1037 1119 1100 exercitas
1139 1038 1316 1108 &Matthia

284 1149 487 1224 centurione,
519 1147 726 1230 impecieruut
752 1147 914 1213 libertinos
938 1147 1059 1211 Perkos
1089 1157 1121 1212 et
1140 1149 1316 1226 Keiemen,

284 1259 403 1325 rcttteet
419 1259 542 1340 lseput,
563 1259 734 1332 corruunt,
755 1258 916 1333 eumont,
937 1258 1066 1332 Sorbet,
1086 1259 1232 1334 Medaet,
1246 1262 1315 1332 tte-

285 1371 392 1444 burat,
412 1370 471 1436 hos
486 1391 595 1434 omues
611 1391 683 1434 cum
697 1369 768 1434 utin
783 1370 858 1446 suis,
879 1371 954 1436 item
971 1369 1083 1444 uene,
1100 1371 1234 1452 Epidut,
1256 1375 1314 1440 Te-

286 1484 415 1557 deusut,
443 1503 501 1566 pro
526 1481 711 1546 coneiaibas
736 1482 811 1545 suis.
841 1481 994 1545 Keiemen
1016 1489 1122 1546 autera
1142 1492 1177 1546 et
1195 1483 1313 1551 Forcor
1439 1479 1442 1488 ’

286 1597 434 1662 dixerunt
454 1597 585 1660 eosdem
606 1615 680 1660 suos
701 1593 965 1668 ermerannus,
981 1601 1018 1662 ct
1032 1597 1313 1692 acceptooiudicea

286 1707 415 1770 domino
433 1726 510 1788 rege
523 1707 665 1779 Andree,
685 1706 858 1787 Smaragdo
880 1705 1010 1778 comite,
1031 1713 1063 1768 et
1084 1705 1237 1786 pristaldis
1250 1709 1315 1770 retr

285 1817 351 1885 fitia
363 1817 455 1891 Uace,
469 1817 551 1879 inter
561 1817 674 1880 multos
690 1817 890 1880 adduxerant
899 1817 1011 1882 Micam
1025 1817 1172 1882 comitem
1185 1818 1316 1888 inserte

286 1929 440 2004 monium,
461 1929 550 1992 caius
572 1928 752 1992 testimonio
774 1947 846 1994 cum
871 1928 1009 2010 prefatus
1027 1929 1123 1996 index
1141 1939 1315 2016 essetecu-

285 2047 401 2115 tentes,
422 2060 462 2104 ex
480 2047 630 2122 precepto
643 2040 727 2122 regis
749 2040 853 2120 posuit
874 2059 971 2121 super
989 2041 1198 2104 iuramentum
1218 2042 1315 2122 ipsias
1375 2032 1377 2042 ’

285 2152 367 2219 Mica
389 2151 528 2224 comitis,
549 2159 584 2214 ut
597 2151 716 2215 scilicet
729 2150 799 2231 ipso
814 2168 910 2232 saper
923 2151 1125 2232 sepulchrum
1143 2154 1244 2216 sancti
1258 2155 1317 2216 La·

287 2261 377 2326 distri
402 2263 486 2344 regis
510 2263 647 2336 iurante,
675 2261 885 2343 prenominati
908 2261 1063 2336 libertini,
1089 2265 1315 2344 prenominatis

286 2373 438 2436 lieienren
454 2371 611 2437 etForcos
625 2371 843 2437 redderentur.
858 2391 994 2456 caraque
1005 2372 1087 2437 tuna
1100 2392 1207 2436 comes
1221 2383 1317 2440 marm

287 2483 328 2547 ed
348 2491 491 2544 sanctum
512 2481 715 2562 sepulchrum
735 2481 908 2554 iuraturus,
928 2482 1063 2564 predicti
1078 2492 1317 2551 cestrensesre·

287 2592 446 2658 conciliati
465 2601 537 2656 suat
558 2612 629 2656 curn
651 2592 801 2658 Kelemea
824 2601 855 2656 et
869 2593 995 2666 Furcas,
1016 2593 1058 2656 ita
1073 2593 1210 2670 scilicet,
1229 2597 1317 2677 quod

285 2705 345 2788 ipsi
366 2705 571 2768 reddiderunt
595 2706 829 2786 prenominatos
845 2705 1006 2770 libertinos
1020 2705 1150 2788 prefatis
1165 2707 1318 2775 teleneu

286 2827 319 2887 et
339 2819 474 2892 Furnos,
495 2817 612 2880 scilicet
632 2816 665 2878 in
688 2817 822 2897 puritate
842 2818 1006 2898 promisca.
1035 2820 1319 2900 conpromiserunt

285 2931 370 2995 anim
386 2930 538 3002 Keicmen
560 2937 592 2994 et
608 2930 724 2992 Furcas
744 2929 830 3012 quod
851 2938 996 3010 receptos
1017 2929 1182 2995 libertinas
1196 2935 1317 3010 suosin

285 3042 468 3106 inferiorern
486 3041 680 3104 condicionis
700 3041 842 3104 ordinem
860 3058 929 3110 aaa
952 3040 1182 3124 deprimerent,
1204 3045 1265 3108 sed
1286 3045 1318 3108 in

287 3155 400 3220 eodem
421 3163 520 3228 stuta,
541 3153 660 3216 scilicet
679 3151 898 3215 libertinorum
917 3154 1107 3227 retinerent,
1129 3155 1319 3236 generaliter

288 3266 329 3332 de
351 3265 426 3348 ipsis
446 3281 573 3348 qaoque
594 3263 805 3330 castrensibus
824 3263 886 3327 atia
905 3263 1007 3328 abiate
1027 3283 1091 3326 noa
1109 3265 1318 3346 requirerent.
1334 3278 1338 3287 '

370 3375 471 3452 (ata)
492 3373 662 3438 Uainersus
673 3373 892 3443 Uaradincnsis
907 3371 1040 3438 ecclesie
1051 3383 1240 3450 conuentus,
1251 3377 1320 3440 uni-

287 3486 389 3552 uersis
412 3491 576 3568 presentes
599 3482 707 3548 literas
730 3484 935 3568 inspecturis,
966 3485 1099 3551 salutem
1122 3487 1156 3560 in
1180 3487 1319 3553 dominu.

288 3617 371 3662 anno
385 3595 505 3662 domini
516 3595 683 3678 miltesinno
699 3596 914 3661 ducentesimo
929 3595 1052 3661 decimo
1066 3605 1172 3672 sento,
1198 3598 1231 3660 in
1246 3619 1320 3680 sep·

251 3725 258 3736 '
288 3711 406 3775 timeae
425 3709 528 3772 enanis
549 3717 651 3780 terra,
672 3705 836 3768 Farcasius
858 3706 940 3770 [iiius
955 3707 1076 3790 Gyama
1096 3709 1228 3775 uesieu
1246 3731 1319 3776 cunt

287 3823 421 3889 Martiae
437 3822 476 3884 de
493 3821 567 3884 uiiia
580 3820 735 3892 Guerdei,
757 3817 906 3900 pristaldo
921 3817 1023 3900 Gytte
1044 3820 1167 3887 comitia
1180 3819 1320 3902 poiadai,

287 3935 328 4001 ad
348 3931 499 3998 iudicium
520 3931 596 3994 ferri
615 3930 787 4004 candentis,
807 3929 1100 3996 eenuettrrunem
1115 3931 1155 3995 de
1170 3929 1247 3996 uilla
1260 3933 1321 3996 Zoe

286 4046 395 4120 boisu,
421 4051 581 4126 raptorem
604 4042 724 4114 scilicet
748 4042 811 4106 atie
834 4059 908 4116 sue,
933 4049 967 4106 et
988 4049 1098 4111 conns
1119 4044 1321 4114 mediatores

285 4156 379 4232 iiiios,
408 4155 493 4220 stetit
515 4174 573 4238 per
594 4161 691 4220 totam
712 4155 922 4238 septimanam
938 4154 1044 4232 illam,
1070 4156 1129 4232 sed
1152 4155 1264 4235 antius
1278 4157 1321 4222 de
1393 4211 1399 4230 ,

210 4335 221 4348 ,
289 4267 478 4336 moerente
497 4267 563 4334 sais
581 4255 770 4352 comparuit,
790 4273 898 4354 preter
916 4266 1080 4368 quendem
1098 4268 1229 4340 asaiae
1244 4268 1322 4350 see,
