2924 4758
363 413 486 466 icuarcr
507 415 672 468 arcueruu
695 399 992 468 concamaratae.
1130 395 1190 469 365

156 573 322 636 tenciones
346 573 453 656 populi
472 573 555 636 illius
572 551 708 636 discreto
730 561 873 637 examine
890 573 1046 637 dirimant.
1075 581 1106 636 et
1120 573 1191 656 ipsi,

157 705 232 747 oum
255 669 372 748 clamor
387 683 495 767 populi
516 685 726 766 ingrauescat‚
747 703 767 746 a
787 684 902 748 comite
915 683 1055 748 Palatino
1077 683 1191 746 diiudi-

157 805 280 861 centur.
1146 872 1149 880 Ι

243 907 321 984 (38)
345 908 375 970 Si
390 927 446 971 rex
461 907 541 970 forte
554 907 699 988 cuiquam
711 905 817 970 comiti
831 907 883 970 uel
898 907 1040 971 ministro
1053 907 1190 992 aliquem

158 1023 200 1083 de
223 1020 345 1082 ciuibus
368 1019 536 1093 dimiserit,
565 1019 650 1082 solus
674 1017 706 1080 in
729 1017 969 1102 expedicionem
990 1027 1110 1104 pergat.
1140 1019 1190 1083 sin

158 1137 280 1206 autern,
303 1133 342 1194 ad
357 1129 507 1213 populum
521 1132 605 1193 unde
622 1131 712 1205 exiit,
734 1139 922 1194 reuertatur.

244 1243 321 1318 (39)
341 1243 494 1306 'Omnibus
509 1241 727 1304 interdicimus
750 1249 857 1305 tenere
873 1259 1064 1325 quemquam
1085 1243 1124 1306 de
1146 1243 1190 1305 ci-

157 1355 276 1419 uilibus
291 1355 330 1417 ad
345 1356 450 1437 fugam
464 1355 631 1417 facientem
645 1355 763 1436 absque
779 1353 862 1436 regis
876 1355 1017 1417 licencia.
1040 1355 1108 1417 atsi
1119 1354 1189 1437 quis

156 1467 311 1542 tenuerit,
333 1465 422 1550 quasi
437 1467 515 1550 legis
529 1467 699 1528 fracturam
716 1468 873 1530 emendet.

186 1585 189 1593 ’
244 1579 323 1655 (lo)
346 1577 481 1642 Comites
501 1578 528 1640 si
551 1558 677 1660 propria
697 1579 729 1640 in
751 1577 826 1640 uilla
847 1555 920 1642 suos
937 1577 1055 1641 liberos
1069 1557 1190 1642 babue-

157 1691 238 1766 rint,
260 1693 298 1754 de
314 1693 427 1774 quibus
443 1711 541 1773 equos
557 1691 717 1772 accipere,
739 1697 910 1753 etcertum
931 1679 1046 1773 pansas
1067 1691 1190 1773 possint

158 1803 325 1886 colligere,
345 1783 508 1866 loricatum
530 1823 628 1864 unum
648 1803 715 1886 regi
732 1803 771 1865 de
787 1811 913 1884 sumptu
934 1802 987 1864 illo
1008 1811 1189 1884 procurent.

157 1915 185 1978 si
200 1935 277 1978 uero
291 1914 500 1997 quadraginta
513 1933 638 1996 pensas,
653 1913 783 1976 militem
798 1915 917 1996 absque
932 1913 1031 1976 lorica
1044 1915 1189 1977 educent.

92 1997 100 2022 ⁸
157 2047 196 2090 ac
211 2026 238 2090 si
253 2025 366 2099 minus,
387 2003 452 2088 suis
466 2026 527 2087 boc
542 2026 678 2108 propriis
693 2003 801 2088 usibus
816 2004 990 2089 reseruent.

242 2138 321 2213 (ll)
343 2137 375 2200 Si
389 2159 444 2200 rex
459 2137 595 2220 aliquem
609 2157 726 2220 uagum
748 2157 875 2201 seruum
894 2131 989 2199 ¹alicui
1010 2137 1190 2212 donauerit',

156 2249 210 2312 bic
228 2249 367 2312 medium
382 2257 475 2332 caput
489 2249 556 2311 eius
577 2249 696 2310 tondat.
719 2249 804 2330 quod
819 2247 845 2310 si
860 2267 924 2309 non
939 2245 1060 2319 lecerit,
1076 2248 1189 2309 decem

157 2343 273 2443 pensas
293 2361 422 2424 amittat.
451 2360 501 2423 cui
523 2359 550 2422 si
572 2379 703 2422 uxorem
727 2359 872 2432 dederat,
896 2355 995 2420 eciam
1013 2355 1099 2419 illam
1118 2377 1189 2420 cum

157 2455 336 2553 eo'perdat.

241 2583 320 2658 (bb)
343 2583 533 2665 Quicunque
553 2583 670 2664 absque
693 2580 776 2664 regis
795 2579 927 2644 licencia
947 2601 1063 2664 uagum
1077 2587 1189 2644 tenue-

155 2695 214 2770 rit,
228 2674 464 2776 quinquaginta
479 2693 619 2775 quinque
634 2693 747 2774 pensas
764 2693 876 2754 soluat.
902 2699 933 2754 et
948 2691 973 2754 si
989 2693 1074 2774 apird
1089 2692 1189 2755 dorni-

155 2827 233 2869 num
249 2804 402 2887 quioquid
422 2805 461 2867 su
482 2804 620 2878 furatus,
643 2804 788 2867 dominus
803 2781 964 2866 acumine
979 2779 1096 2866 ruricio
1113 2823 1186 2885 pur-

155 2925 258 3000 getur.
284 2923 316 2978 ct
330 2915 383 2997 qui
395 2913 564 2978 fideiussor
579 2916 646 2978 eius
660 2915 780 2989 fuerat,
800 2914 889 2976 illurn
904 2915 1064 2988 ostendat,
1084 2915 1186 2976 idem·

156 3009 220 3110 quc
242 3027 268 3089 si
288 3027 464 3109 inculpatus
483 3027 604 3100 suerat,
625 3022 759 3089 eandem
773 3024 877 3108 legem
892 3024 1069 3106 persoluat,
1091 3045 1185 3107 quarn

155 3147 298 3201 retentor
326 3139 404 3202 eins.
453 3145 485 3201 et
512 3137 546 3200 si'
567 3157 631 3200 non
658 3137 777 3212 babet,
815 3136 974 3220 propriam
1006 3135 1185 3200 'libertatern

155 3249 289 3314 amittat.
371 3262 372 3266 ’
1188 3333 1192 3341 Ι

242 3360 318 3436 (aa)
341 3360 419 3422 Cum
439 3361 508 3444 quis
531 3380 648 3444 uagum
668 3360 899 3443 apprehensum
920 3359 1075 3435 tenuerit,
1096 3361 1186 3423 ado·

155 3472 244 3536 mino
260 3473 326 3536 cius
345 3491 408 3534 una
424 3470 523 3554 pensa
538 3474 690 3555 exigatur.

241 3583 319 3660 (tt)
341 3583 373 3645 Si
389 3584 458 3666 quis
472 3584 700 3646 iolruscidarius
714 3605 830 3666 uagum
845 3605 939 3667 quem
954 3591 1039 3647 tenet
1052 3601 1111 3666 pro
1129 3601 1186 3646 no·

156 3695 286 3777 naginta
301 3675 449 3768 denariis,
464 3693 556 3756 alicui
571 3694 694 3758 dederit
708 3703 761 3757 aut
775 3693 968 3770 condiderit,
984 3695 1094 3758 decem
1107 3713 1186 3777 pen-

157 3823 209 3868 sas
224 3804 394 3886 persoluat,
417 3811 447 3866 et
462 3787 591 3867 totidem
607 3783 729 3887 emptor
742 3801 836 3867 illios.
858 3805 1038 3888 ubicunqne
1054 3806 1187 3888 equites,

157 3923 326 3996 emptores,
346 3915 485 3980 uiatores
500 3914 647 3978 uenerint
661 3915 816 3998 quinque,
838 3914 865 3978 si
881 3915 1038 4008 noluerint
1051 3914 1186 3978 minimis

155 4034 279 4090 tantum
294 4027 463 4110 'capacium
484 4034 676 4110 comparent.
688 4029 692 4041 '
703 4026 756 4110 qui
775 4045 854 4092 uero
877 4028 1008 4091 minoris
1022 4027 1120 4110 precii
1134 4045 1187 4088 ac·

159 4124 303 4220 ceperit,
334 4123 387 4203 aut
417 4138 471 4221 qui
495 4137 622 4205 maioris
656 4121 784 4217 fecerit,
819 4127 1185 4231 quinquaqintaquinquo

158 4271 274 4340 pensas
289 4251 459 4337 persoluat.
545 4228 549 4234 ¹
