2920 4758
255 439 315 504 tas
440 459 570 505 cunnum
585 459 618 504 rr.
632 457 721 505 naurs
744 459 908 504 nacnnruu
930 459 963 503 u.
1007 440 1096 504 1231.

255 633 365 676 cenam
392 614 625 689 administrent,
657 614 830 676 secundum
852 613 926 675 uilla
947 613 1087 695 ipsomm
1109 613 1291 678 incremen-

255 733 330 787 tum.

339 841 396 913 (8)
412 841 559 902 Pretcrea
571 819 727 920 quandam
745 849 860 903 terram
873 857 983 900 eorum
999 845 1082 900 terre
1094 839 1288 921 contiguam,

257 969 318 1031 que
342 948 414 1010 olim
431 949 571 1030 Dionysii
593 948 648 1010 lilii
664 951 797 1012 Simonis
819 949 938 1022 luerat,
960 949 1005 1011 eis
1021 955 1052 1010 et
1067 967 1178 1010 eorum
1193 949 1290 1012 here·

257 1061 348 1122 dibus
374 1061 440 1123 inre
465 1069 619 1142 perpetuo
645 1061 832 1123 contulimus
860 1059 1097 1142 possidendam,
1130 1059 1163 1154 ip
1186 1061 1288 1141 ipsius

256 1173 487 1256 possessionem
518 1170 720 1253 perfidelem
746 1171 928 1253 pristaldum
952 1179 1093 1234 nostrum
1116 1171 1289 1234 Clrudruch

256 1283 342 1365 ipsos
357 1283 511 1344 introduci
527 1289 710 1344 statuentes.

340 1395 378 1454 Ut
391 1393 485 1474 igitur
500 1403 565 1455 turn
579 1413 598 1455 a
612 1395 702 1456 nobis
716 1395 888 1456 liberaliter
902 1413 1051 1456 concessa
1066 1393 1204 1469 libertas,
1218 1403 1286 1457 tum

258 1513 428 1568 memorate
450 1513 533 1566 terre
556 1507 687 1568 donacio
708 1506 796 1568 salua
815 1525 939 1587 sempor
955 1514 985 1568 et
1007 1507 1195 1568 inconcussa
1214 1525 1289 1588 per-

260 1624 399 1690 maneat,
421 1625 600 1696 presentem
620 1617 764 1698 paginam
788 1618 954 1679 secretiori
973 1616 1075 1698 sigillo
1091 1625 1209 1690 nostro,
1231 1637 1289 1678 au-

259 1747 315 1801 ree
329 1725 475 1789 uidelicet
489 1727 573 1788 bulle
589 1727 769 1790 charactere
785 1729 915 1792 fecimus
929 1728 1082 1810 insigniri.
1107 1728 1215 1790 datum
1225 1719 1290 1808 'per

260 1857 370 1898 manus
386 1837 492 1920 Ugrini
508 1837 691 1900 Colocensis
715 1840 942 1921 archiepiscopi
966 1851 997 1902 et
1020 1839 1089 1902 aule
1111 1840 1198 1921 regie
1213 1859 1290 1900 can-

261 1949 393 2022 cellarii,
419 1969 501 2011 anno
523 1949 679 2012 dominice
700 1951 928 2014 incarnacionis
950 1951 1114 2013 millesimo
1139 1951 1290 2014 ducente·

259 2061 338 2121 simo
354 2061 522 2143 trigesimo,
544 2062 632 2143 regni
647 2064 744 2124 nostri
761 2083 843 2124 anno
858 2061 985 2122 XXVII.

639 2280 661 2294 ι·-
667 2279 778 2296 ῒ“““-.,“ῗ.“;;ἱ.
791 2281 826 2296 ·:::·.
834 2283 847 2298 ἶ

327 2471 564 2548 annnam
590 2475 639 2549 u.
670 2474 828 2570 neers
858 2474 1149 2551 nucnnruu
1173 2477 1221 2550 rr.

674 2631 875 2693 MCCXXXI.

529 2802 552 2852 E
569 2807 676 2866 regesto
694 2801 854 2854 bibliothece
872 2802 1014 2854 Vaticano.

342 3059 378 3120 ln
392 3062 518 3122 nomine
534 3067 641 3123 sancte
657 3061 816 3124 Trinitatis
832 3069 862 3124 et
875 3059 1039 3124 indiuiduo
1054 3061 1194 3123 Unitatis.

343 3174 486 3236 Andreas
515 3174 566 3234 dei
595 3172 699 3254 gracia
726 3173 902 3253 Hungarie,
933 3174 1110 3247 Dalmacie,
1143 3173 1290 3248 Crcacie,

158 3303 160 3307 ·
261 3285 374 3358 Reme,
396 3283 522 3357 Seruie,
544 3282 673 3344 Gallicie
688 3284 939 3366 Lodomerieque
962 3305 1016 3345 rex
1039 3287 1071 3345 iu
1091 3293 1290 3365 perpetuum.

344 3394 501 3470 Quoniam
528 3394 656 3456 libertas
685 3402 748 3454 tam
774 3395 925 3456 nobilium
954 3390 1043 3476 regni
1068 3397 1167 3458 nostri
1195 3415 1290 3477 quam

261 3509 361 3570 eciam
376 3507 506 3568 aliorum
521 3525 538 3565 a
553 3525 578 3566 s.
590 3504 749 3585 Stephano
771 3527 847 3588 rege
862 3507 1018 3580 instituta,
1040 3527 1098 3588 per
1112 3507 1289 3588 aliquorum

260 3639 372 3700 regum
388 3618 580 3698 potenciam,
601 3606 823 3680 ulciscencium
842 3619 1009 3699 aliquando
1024 3619 1103 3679 iram
1118 3619 1289 3700 propriam,

262 3729 430 3812 aliqnando
446 3729 549 3790 eciam·
560 3729 792 3792 attendencium
810 3730 939 3790 consilia
953 3729 1030 3792 falsa
1045 3730 1209 3792 homiuum
1232 3730 1291 3790 ini-

263 3858 397 3923 quorum
421 3840 479 3902 fuit
502 3841 534 3900 in
560 3861 653 3922 quum
679 3839 821 3921 plurimis
847 3840 1014 3912 diminuta,
1044 3841 1207 3904 multocies
1230 3841 1290 3922 ipsi

262 3950 384 4012 nobiles
403 3951 501 4012 nostri
522 3952 723 4014 serenitatem
744 3958 883 4012 nostram
906 3959 938 4012 et
951 3952 1214 4033 predecessorum
1234 3971 1292 4013 no-

262 4069 398 4124 strorum
417 4081 526 4144 regum
546 4083 675 4126 suorum
698 4051 842 4144 precibus
860 4071 891 4125 et
905 4063 1058 4127 instancia
1073 4063 1171 4126 multa
1186 4064 1291 4146 pulsa·

261 4179 393 4247 uerunt,
414 4191 510 4253 super
523 4174 754 4238 reformacione
772 4175 863 4257 regni
884 4174 992 4240 nostri.
1022 4185 1084 4238 nos'
1103 4174 1199 4259 igitur
1213 4176 1292 4260 peti-

263 4284 346 4356 cioni
361 4303 471 4354 eorum
487 4286 669 4356 satisfacere
684 4287 861 4376 cupientes,
882 4288 914 4356 iu
928 4286 1073 4362 omnibus
1089 4276 1124 4359 ut
1137 4295 1290 4370 tenemur,
