3048 4760
380 425 805 478 eousrrrurrmmstrsouus.
819 421 974 500 emaum.
1027 407 1116 476 ime
1199 406 1261 474 ura

237 603 306 650 ram
327 579 461 648 mutui
480 580 585 646 iudice
605 582 744 646 audeam
762 581 902 664 litigare,
923 581 984 644 uisi
1007 583 1047 646 de
1069 581 1198 646 licencia
1215 581 1264 644 sui

236 693 387 776 episcopi.

255 841 260 846 ·
287 896 292 900 .
320 801 387 886 (ii)
407 805 444 868 iu
462 803 595 868 coemtio
608 812 728 870 statam
746 813 809 879 est,
830 811 906 868 uta
917 803 1160 886 moderatioris
1176 810 1265 867 extre

238 937 365 1000 capsam
384 915 563 994 nullatenus
578 916 783 980 ostenduntur
797 917 856 978 nisi
870 917 908 978 iu
918 915 1267 997 precipuis-resturati-

237 1027 307 1102 iius,
328 1028 380 1098 uel
401 1029 442 1090 ad
464 1027 524 1090 hoc
546 1047 586 1090 ex
608 1027 792 1091 deuocioua
805 1027 1066 1090 concurrentibus
1086 1027 1260 1109 peregrinis

237 1141 320 1204 siout
343 1140 549 1222 quarumdam
571 1137 776 1202 eeclesiarum
801 1136 968 1200 laudabitis
992 1140 1187 1202 consuetudo
1213 1159 1267 1200 ex·

239 1250 357 1333 poscit,
378 1269 438 1312 uec
458 1247 660 1329 aliquomodo
671 1257 872 1330 expensetur
886 1249 1025 1310 uenules.
1046 1249 1192 1312 iuuentus
1211 1269 1267 1312 au·

241 1372 303 1426 tem
328 1363 367 1424 de
388 1381 474 1424 nouo
495 1381 589 1422 nemo
605 1360 727 1442 publice
743 1361 887 1424 uenerari
904 1370 1081 1442 mosumat,
1101 1361 1161 1424 nisi
1182 1361 1267 1440 peius

241 1473 426 1536 aucmritate
446 1473 589 1536 Romani
602 1472 759 1554 puetiiicis
775 1472 897 1536 suerint
912 1473 1080 1554 -sprobata
1111 1473 1166 1554 qui
1188 1493 1267 1536 uero

241 1593 349 1648 eontra
367 1584 497 1658 feeerit,
517 1585 553 1651 si,
566 1585 702 1646 clericus·
717 1583 811 1646 iuerit
834 1585 874 1646 ab
891 1583 997 1648 officio
1013 1593 1045 1647 et
1064 1585 1218 1648 beneficio
1232 1605 1268 1650 ee

241 1695 368 1758 nouerit
376 1704 574 1776 suspensum,
585 1695 610 1756 si
621 1694 718 1758 laicus
731 1714 788 1775 per
798 1713 940 1758 mensem
950 1695 1126 1776 ingressum
1135 1695 1267 1758 aecimis

239 1807 300 1870 sihi
315 1807 440 1870 nouerit
452 1807 663 1871 interdictum.
751 1853 754 1857 .

325 1916 391 2000 (98)
414 1917 523 1980 Nullus
551 1915 666 1997 passim
691 1915 861 1998 recipiatur
886 1917 925 1980 ad
954 1917 1181 1998 predicandum
1210 1917 1270 1988 uisi

241 2030 337 2094 luerit
356 2029 513 2092 autentico
530 2049 684 2110 persona,
707 2029 761 2090 uel
774 2027 851 2092 alias
866 2047 924 2108 per
938 2030 1047 2092 sedem
1063 2029 1268 2110 apostolieum
1327 2082 1329 2086 ,

242 2140 439 2222 priuilegium
453 2141 560 2202 autad
575 2140 637 2202 hoe
650 2159 707 2221 per
721 2141 905 2222 episcopum
918 2139 1083 2200 ¹destinata.
1104 2149 1271 2220 questui-es

240 2270 370 2334 quoque
390 2251 643 2332 elemosynarum
663 2239 789 2312 tautum*
806 2270 843 2312 ea
865 2248 971 2312 dicant
992 2249 1127 2330 populo,
1155 2251 1271 2330 qua-iu

241 2363 491 2440 litterisdomiui
512 2381 597 2444 pape
615 2363 668 2424 uei
690 2361 830 2443 episcopi
852 2361 1069 2426 eontinentur:
1091 2361 1270 2424 sacerdot-es

242 2484 348 2540 tamen
361 2475 423 2538 loci
434 2473 588 2556 populum
603 2472 662 2536 sibi
677 2473 876 2536 commissum
887 2471 1057 2554 diligenter
1067 2474 1216 2538 iuduoaut
1230 2475 1270 2541 ad

242 2589 440 2669 elemosynas
460 2587 638 2670 erogandas
657 2587 773 2648 iutuitu
796 2586 934 2667 pietatis,
955 2603 1019 2648 ooo
1040 2586 1145 2648 auimo
1167 2594 1272 2650 euter-

188 2710 192 2716 '
245 2700 374 2782 pecudi.
403 2696 819 2780 Nulloseeiamquestarius
833 2716 891 2777 pro
906 2695 1111 2778 hospitalibus
1136 2698 1188 2759 uel
1203 2697 1270 2762 aliis

243 2807 487 2875 similibusloois
501 2807 668 2888 recipiatur
682 2807 721 2870 ad
735 2806 931 2888 elemosynas
946 2809 1125 2888 querendae
1139 2809 1206 2870 sine
1221 2808 1270 2869 lit-

244 2921 319 2982 teris
337 2917 461 2980 domiui
483 2935 563 3000 pupc
584 2927 637 2982 aut
657 2919 833 2999 legatorum
855 2916 936 2990 eius,
959 2917 1011 2978 uel
1029 2919 1270 2982 dieeesaoorum

243 3033 397 3114 ipsomm.

328 3139 395 3223 (29)
416 3140 585 3206 statuimus
601 3143 686 3225 quod
701 3149 884 3204 ornamenta
898 3141 1033 3205 ecclesie
1052 3161 1116 3203 oon
1131 3141 1273 3223 obliger·—

245 3262 297 3318 tur
319 3254 457 3336 pignori,
471 3255 531 3316 uisi
555 3275 613 3336 pro
627 3253 825 3318 uecessitate
850 3254 1001 3326 ecclesie,
1028 3255 1120 3316 etde
1142 3253 1273 3318 licencia

247 3367 384 3448 episcopi
405 3365 627 3428 cumconsilio
652 3355 924 3446 parochianorum.
946 3373 1089 3446 preterea
1108 3365 1272 3428 statuimus

244 3479 332 3560 quod
342 3477 448 3540 ‚nullm
462 3476 602 3560 prolutus
612 3478 759 3559 superior
772 3476 824 3540 uel
838 3477 979 3550 inferior,
1001 3485 1054 3539 aut
1068 3475 1272 3540 ecelesiarum

244 3597 352 3652 rector
365 3609 423 3671 pro
437 3589 499 3652 alio
513 3588 704 3663 fideiubere,
725 3609 787 3652 nec
803 3589 1037 3670 possessionem
1050 3587 1186 3652 ¹ecclesie
1206 3607 1273 3662 sue,

247 3701 300 3764 real
319 3699 395 3763 alias
414 3719 465 3762 res
480 3699 711 3762 ecclesiasticas
723 3717 931 3782 quaecuuque
949 3699 1079 3762 mobiles
1095 3708 1149 3762 aut
1160 3699 1274 3766 immo-

248 3812 341 3886 biles,
362 3809 415 3874 uel
427 3831 463 3874 se
477 3817 660 3884 mouentes,
681 3810 848 3892 presertim
868 3829 971 3873 socrus
991 3810 1169 3890 proelians
1189 3810 1273 3874 iaetu

248 3923 386 4004 obligare
409 3929 584 4003 presumat,
605 3941 666 3983 nee
687 3922 794 3984 eciam.
808 3941 864 4002 pro
879 3941 943 3983 suo
958 3920 1046 3984 ,fauo
1067 3923 1196 4004 proprio
1215 3921 1275 3983 uisi

248 4033 412 4096 euidenter
424 4033 457 4094 iu
478 4032 644 4094 utilitatem
658 4051 715 4108 sue
729 4033 822 4094 cedat
840 4031 990 4106 ecclesie,
1001 4040 1128 4096 etcum
1141 4031 1275 4100 licencia

248 4142 423 4216 diecesani,
437 4151 469 4206 et
481 4161 553 4204 cum
568 4161 725 4206 consensu
740 4141 866 4223 capituli
881 4143 949 4206 siue
963 4149 1137 4206 conuentus
1150 4139 1275 4204 issarum

247 4254 475 4334 crusciacum,
497 4254 566 4322 siue
591 4255 856 4326 manauerioram
876 4273 938 4343 que
963 4253 1085 4320 habeut
1104 4251 1275 4338 capitulum
