2920 4758
593 1129 708 1214 alta
733 1127 788 1214 lv.
814 1129 935 1215 alais

326 1309 591 1384 Llassaras
615 1305 880 1384 Nummum
906 1307 975 1380 na
1001 1306 1207 1384 SCEPUS.

673 1462 864 1528 MCCXLlll.

522 1637 546 1689 E
563 1639 707 1688 transomto
719 1633 806 1685 Caroli
820 1633 842 1722 Ιἑ
860 1649 918 1684 ana.
939 1632 1011 1686 lala.

338 1944 414 2008 Belo
427 1943 481 2006 dei
499 1942 602 2025 gracia
616 1942 793 2024 Hongaria‚
814 1941 990 2014 Dalmaoie,
1012 1940 1157 2014 Groneia,
1178 1943 1276 2013 Rama,

257 2055 382 2130 Sarute,
410 2053 557 2127 Gallicie,
585 2053 773 2116 Lodomarie
794 2050 1007 2134 Cumaoieque
1029 2071 1096 2114 rex.
1134 2051 1278 2114 Omnibus

258 2167 371 2232 Christi
392 2163 537 2230 fidelihus
552 2173 732 2248 presentem
747 2165 893 2247 pagiuam
906 2163 1092 2245 inspecturis
1107 2164 1237 2228 salutem
1251 2164 1280 2224 in

258 2278 397 2342 omnium
412 2277 579 2342 saluatora.

340 2390 447 2465 Quum
461 2391 494 2450 in
509 2387 708 2451 multitudine
723 2387 911 2470 populorum
926 2407 1035 2470 ragom
1047 2387 1194 2470 gloriaao
1204 2388 1284 2469 prio-

259 2501 364 2583 oipom
385 2517 583 2580 summopere
604 2499 804 2573 accendatur,
831 2519 895 2562 noo
913 2500 1070 2563 immerito
1091 2500 1206 2580 regalis
1227 2499 1284 2562 ool·

259 2610 364 2674 situdo
387 2610 427 2676 da
452 2608 517 2672 auia
542 2609 690 2674 subiectis
708 2610 950 2692 ,prouisionihus
971 2611 1177 2693 amplioribus
1195 2612 1286 2677 dehet

261 2723 423 2795 ordinare,
444 2727 479 2784 ut
492 2720 587 2784 iidem
601 2721 749 2786 felicitate
765 2731 796 2784 et
810 2731 1142 2806 aumaroaogeantur.
1164 2723 1207 2789 ad
1222 2743 1285 2786 om-

260 2833 347 2899 nium
365 2833 471 2915 itaque
493 2831 656 2908 noticiam,
678 2840 742 2896 tom
763 2835 963 2914 presencium
979 2853 1073 2916 quam
1090 2842 1286 2916 posterorum

260 2945 418 3028 prasentia
437 2945 546 3027 aoripti
567 2945 746 3009 testimonio
766 2945 911 3008 uolumus
934 2947 1111 3026 peruenire,
1133 2947 1219 3028 quod
1234 2965 1288 3008 nos

260 3057 416 3122 uniuersis
437 3057 593 3120 nobilibus
613 3058 652 3120 de
674 3059 792 3139 Soepus
817 3057 951 3122 eandam
976 3077 1071 3138 qoam
1097 3059 1137 3120 ab
1162 3057 1287 3139 antiquo

261 3170 441 3234 habuerunt
454 3189 645 3234 conseruare
659 3169 804 3232 uolentes
817 3169 1008 3244 libertatem,
1029 3171 1208 3260 statuimus:

345 3285 405 3359 (1)
428 3282 522 3358 Quod
536 3280 638 3344 nullus
651 3281 791 3362 ipsorum
807 3282 941 3364 aliquam
957 3281 1118 3346 collectam
1133 3283 1186 3345 uel
1200 3302 1289 3345 arao·

263 3392 383 3458 tioaam
404 3389 528 3454 soluere
549 3397 704 3463 teneatur,
731 3390 792 3452 nisi
813 3391 880 3472 ipsa
902 3391 1033 3454 collecta
1052 3393 1093 3456 ad
1115 3393 1289 3456 seruientes

263 3503 347 3586 regis
362 3511 394 3566 et
408 3502 485 3566 alios
501 3501 658 3584 quoslibet
672 3500 793 3564 nobiles
814 3502 908 3566 fuerit
923 3503 1087 3585 generalis.

345 3615 406 3688 (Ξ)
427 3613 504 3674 Item
527 3631 585 3693 per
599 3612 668 3674 fora
687 3621 719 3676 et
740 3621 846 3694 portas
869 3613 1010 3677 eiusdem
1032 3613 1152 3696 Scopas
1174 3615 1291 3678 nullum

264 3721 415 3785 tributum
428 3723 488 3804 ipsi
501 3723 624 3786 nobiles
638 3732 669 3786 et
682 3725 731 3786 sui
745 3722 959 3807 iobbagyones
974 3725 1167 3806 persoluant

348 3835 410 3909 (3)
430 3835 508 3905 Item
524 3835 556 3897 in
572 3835 778 3917 expedicione
793 3836 874 3900 facta
888 3837 945 3898 sub
956 3846 1064 3900 nostro
1075 3839 1203 3912 uexillo,
1217 3859 1292 3922 qua-

264 3952 349 4020 tuor,
362 3947 416 4028 qul
429 3945 546 4010 hahent
559 3955 674 4010 terram
689 3956 761 4010 octo
773 3955 949 4011 aratrorum
963 3947 1182 4024 sufficientem,
1195 3969 1291 4014 onum

267 4057 390 4122 mittere
406 4057 542 4121 debeant
557 4059 707 4122 decenter
722 4066 881 4126 auratum.

263 4155 265 4160 ’
351 4169 408 4246 (t)
429 4170 507 4236 Item
529 4189 636 4236 eomas
651 4171 690 4238 da
706 4172 825 4255 Soapus
847 4190 906 4236 nec
926 4171 1013 4255 ipsos
1028 4189 1088 4236 nac
1102 4189 1214 4236 eorum
1228 4171 1293 4236 ioh·

268 4279 446 4370 bagyouer,
469 4283 570 4372 possit
588 4283 726 4351 iudicare
747 4281 808 4350 uisi
828 4281 862 4350 iu
883 4284 985 4350 oausis
1005 4283 1097 4363 turri,
1117 4291 1244 4353 moneta
1264 4289 1292 4354 at
1420 4279 1422 4332 l
