2924 4758
271 397 332 478 151
528 423 667 478 smonos
689 425 916 478 srmcommsrs
936 425 1039 476 unior.

354 583 433 662 (10)
461 585 487 647 si
511 586 580 667 quis
603 585 777 649 infirmatus
799 585 1007 667 presbiterum
1032 603 1096 646 uon
1120 582 1307 662 uocauerit,

272 697 332 760 nisi
354 697 519 760 subitanea
543 717 636 760 causa
658 698 765 772 fuerit,
787 698 898 760 eodem
922 697 1015 760 modo
1037 695 1092 760 fiat
1113 696 1151 758 de
1170 715 1220 758 eo.
1247 716 1307 778 pa-

271 818 378 873 rentes
393 829 471 872 uero
482 810 551 872 eius
560 817 620 888 ,aut
634 830 714 873 uxor
725 811 780 872 XL
793 810 915 872 dierum
931 808 1109 890 penitencia
1122 806 1307 873 mulcentur,

273 923 299 984 si
320 931 425 985 aulem
448 931 595 1003 parentes
618 941 681 984 nou
702 921 864 994 habuerit,
886 919 1009 984 uillicus
1029 939 1100 982 cum
1116 919 1239 982 duobus
1253 939 1306 981 se·

272 1032 413 1096 rioribus
428 1033 503 1096 uille
518 1034 601 1096 idem
617 1032 764 1096 iudicium
779 1033 899 1096 subeat.

355 1148 434 1222 (11)
456 1153 491 1208 ut
510 1145 543 1207 hi
566 1119 621 1228 qui
645 1145 683 1208 ad
707 1146 921 1227 episcopatum
937 1145 1145 1228 promouendi
1168 1151 1256 1218 sunt,
1278 1143 1303 1205 si

273 1258 472 1321 matrimonio
491 1257 631 1342 legitimo
646 1257 743 1320 iuncti
759 1266 846 1332 sunt,
867 1257 927 1319 nisi
943 1277 982 1320 ex
997 1275 1154 1320 consensu
1169 1276 1303 1320 uxorum

273 1389 338 1430 uon
354 1378 564 1443 assumantur.

356 1483 437 1557 (12)
460 1483 626 1564 episcopus
649 1483 675 1546 si
698 1491 760 1545 tres
783 1489 888 1565 parles
906 1481 945 1544 de
961 1480 1119 1564 acquisitis
1134 1481 1174 1543 ad
1188 1480 1303 1544 ulilita-

273 1604 335 1658 tem
359 1593 490 1656 ecclesie
512 1593 680 1658 contulisse
703 1595 837 1669 uidetur,
859 1593 952 1656 liceat
970 1593 999 1656 ei
1020 1611 1115 1675 agere
1137 1593 1176 1656 de
1192 1601 1303 1676 quarta

275 1706 359 1787 quod
374 1705 520 1768 uoluerit.

272 1843 274 1848 ·
356 1817 437 1892 (13)
460 1816 599 1898 episcopi
621 1817 676 1900 qui
694 1815 756 1880 iam
779 1817 939 1891 obierunt,
968 1823 1073 1900 neque
1092 1815 1224 1880 ecclesie
1247 1834 1302 1878 sue

272 1928 498 2009 prouiderunt,
531 1930 588 1991 sed
613 1937 733 1991 tantum
757 1928 837 1992 filios
862 1949 936 1991 suos
962 1927 1156 2000 ditauerunt,
1186 1924 1304 2008 placuit

272 2039 346 2100 inde
369 2039 568 2102 medietatem
592 2041 717 2104 auferre
740 2050 771 2104 et
793 2039 926 2104 ecclesie
947 2041 1092 2104 reddere.
1113 2039 1304 2102 monasteria

271 2169 350 2213 uero
373 2151 480 2212 talium
498 2149 531 2212 in
552 2159 739 2234 potestatem
760 2152 961 2214 succedentis
976 2151 1117 2233 episcopi
1132 2155 1303 2226 transeant,

273 2271 304 2326 et
318 2263 411 2326 faciat
425 2265 510 2346 quod
524 2263 599 2327 inde
615 2265 725 2326 melius
739 2264 844 2326 uisum
860 2264 964 2328 luerit.

355 2377 433 2453 (ll)
455 2377 481 2438 si
501 2375 571 2459 quis
593 2397 703 2439 eorum
723 2377 776 2460 qui
799 2377 937 2440 ecclesiis
961 2383 1091 2458 presunt
1118 2385 1169 2439 res
1195 2396 1303 2440 earum

273 2487 488 2570 dissimum-it,
510 2489 605 2570 duplo
621 2490 774 2553 restituat.
799 2491 825 2552 si
840 2509 904 2552 non
923 2490 1019 2552 habet
1040 2490 1225 2572 deponatur,
1247 2491 1304 2552 do·

247 2648 249 2656 ι
272 2621 332 2664 nec
348 2601 505 2662 emendet.

270 2727 275 2736 '
356 2712 436 2789 (15)
458 2712 563 2776 nullus
582 2713 750 2797 episcopus
773 2721 826 2778 aul
846 2712 1047 2798 presbiteria
1068 2710 1204 2796 propriis
1224 2713 1302 2776 locis

274 2847 383 2890 seruos
399 2825 530 2890 ecclesie
545 2833 661 2890 teneat.

357 2939 437 3016 (16)
460 2959 523 3000 una
537 2959 727 3022 quecunque
744 2939 875 3004 ecclesia
891 2939 974 3002 circa
988 2959 1022 3002 se
1036 2939 1068 3002 in
1085 2939 1227 3022 proximo
1246 2937 1303 3002 ha·

272 3051 346 3114 beat
360 3050 541 3132 parochiam
557 3070 657 3112 suam.

269 3177 274 3186 ·
355 3163 435 3238 (17)
458 3163 590 3224 ecclesia
614 3181 677 3223 non
701 3171 920 3239 consecretur,
952 3161 979 3226 si
1002 3165 1060 3226 dos
1082 3171 1114 3227 et
1133 3171 1216 3228 terra
1237 3183 1302 3225 uon

273 3275 397 3338 dantur.
596 3363 597 3368 γ

356 3387 432 3463 (18)
453 3383 556 3448 nullus
570 3383 725 3448 habeatur
739 3385 771 3448 in
787 3387 884 3463 clero,
909 3387 1044 3471 quinon
1062 3395 1110 3451 est
1124 3387 1302 3452 adtitulalus

272 3498 365 3562 alicui
381 3497 525 3560 ecclesie.

357 3611 433 3686 (19)
456 3609 562 3670 nullus¹
579 3607 712 3672 clericus
735 3609 773 3672 de
793 3607 854 3672 alio
874 3609 1056 3694 episcopatu
1071 3610 1123 3673 uel
1139 3607 1303 3692 prouincia

272 3723 340 3786 sine
356 3719 624 3784 commendaticiis
639 3722 750 3784 litteris
766 3721 961 3802 suscipiatur.

354 3835 432 3908 (20)
455 3833 622 3915 episcopus
642 3834 683 3896 ad
698 3835 882 3916 episcopum
904 3833 971 3896 sine
987 3833 1084 3898 literis
1100 3831 1202 3917 sigillo
1216 3833 1304 3916 lega-

267 3943 398 4006 cionem
413 3963 476 4006 non
491 3944 600 4007 mittat.

355 4057 432 4132 (21)
453 4056 594 4138 hospiles
618 4054 739 4132 clerici,
772 4055 826 4140 qui
849 4057 887 4120 de
909 4056 1019 4120 alienis
1041 4056 1182 4139 partibus
1203 4073 1303 4119 uene-

269 4159 357 4247 runt,
381 4175 434 4232 aut
447 4169 602 4252 legitimos
616 4176 712 4233 testes
729 4170 911 4252 producant,
936 4171 1040 4234 autad
1055 4169 1220 4234 ferendam
1234 4167 1301 4232 sor-
