3048 4760
273 381 336 452 ttls
395 399 538 456 muscis
546 399 594 448 er.
610 399 912 454 ressuscitatus
920 398 1058 449 remur.
1085 375 1177 448 Μ.

283 561 476 620 ranseantoe
492 571 547 638 per
559 535 688 638 Derogls
709 555 764 620 uel
781 573 838 638 per
850 551 1119 635 sanitda,“qood
1132 559 1219 616 certo
1234 565 1303 618 cer-

274 666 343 730 cius
361 665 430 730 lieri
451 685 576 748 semper
590 666 811 747 presumimus,
832 667 906 730 dicti
922 665 1082 748 uectigalis
1098 665 1130 728 in
1143 663 1303 738 recusem,

274 799 301 842 s.
316 778 524 860 strigoniensi
545 778 677 842 ecclesie
697 779 846 850 tributum
866 778 1024 850 demtum,
1046 796 1103 840 seu
1123 774 1303 850 limitatum,

274 909 314 954 ec
323 890 351 952 si
365 891 469 972 ipsam
479 889 646 954 transirent
661 910 717 972 per
730 890 867 954 medient
882 889 1039 954 ciuitatem
1054 876 1219 969 strigonii,
1239 885 1303 948 sel-

274 1020 350 1064 uere
364 1001 485 1084 integre
501 1002 601 1064 eciam
617 1002 702 1084 opud
715 1001 874 1067 laurinum
896 999 999 1068 orodis
1013 999 1158 1065 omnibus
1172 1007 1304 1064 tenean-

274 1123 335 1188 tur,
354 1113 462 1198 sicque
481 1114 629 1179 fraudare
652 1122 801 1178 conantes
824 1113 939 1178 dictum
960 1120 1065 1176 tamen
1080 1112 1230 1177 tributum
1250 1111 1304 1176 nel

273 1226 425 1292 telonium
443 1245 484 1290 ne
499 1227 649 1299 suadent,
670 1225 767 1296 immo
782 1243 899 1296 reuera
910 1243 993 1306 pena
1007 1231 1138 1306 propter
1151 1222 1212 1286 hoe
1225 1221 1304 1304 legi-

273 1338 363 1411 tima,
384 1336 475 1400 sicuti
490 1337 543 1420 qui
558 1358 622 1400 non
636 1337 738 1402 soluto
753 1335 899 1418 uectigali
914 1335 1110 1408 transierint,
1124 1334 1304 1416 puniantur.

273 1449 423 1512 Uolumus
442 1449 586 1512 similiter
600 1447 798 1523 tributarium
820 1467 845 1510 s.
857 1445 1081 1530 strigoniensis
1103 1446 1236 1510 ecclesie
1257 1445 1304 1512 lov

274 1580 345 1624 cunr
359 1579 451 1624 sunm
466 1570 498 1624 et
510 1560 708 1625 mansionem
721 1561 841 1625 habere
860 1559 893 1622 in
907 1558 1025 1622 telonio
1038 1558 1223 1622 taurinensi.

356 1668 403 1752 (3)
423 1671 619 1736 insecundo
642 1691 718 1737 uero
742 1671 950 1744 dubitacicnis
973 1670 1122 1746 articulo,
1150 1668 1304 1742 consimili

272 1783 428 1846 tutissima
455 1790 634 1846 nostrorum
660 1783 925 1865 interpretacione
949 1783 1121 1854 baronum,
1153 1801 1190 1845 ae
1213 1782 1304 1863 regni

273 1891 427 1954 nobilium
447 1892 645 1970 optimatum,
664 1893 695 1954 in
711 1891 912 1958 exsoluclone
935 1894 1041 1958 tributi
1061 1892 1305 1975 estrigoniensi

273 2003 407 2066 ecclesie
431 2003 545 2078 debiti,
577 2019 674 2086 quum
698 2005 782 2070 racio
811 2001 1072 2094 dissimilitudinis
1100 2002 1185 2078 nulla
1206 2004 1304 2078 absit,

271 2114 472 2196 pacificamus
492 2115 674 2196 peremnia
694 2125 885 2178 mercatores
903 2115 1078 2188 Australes,
1100 2115 1305 2188 Uiennenses,

274 2227 530 2301 Ratishonenses,
551 2227 689 2290 Bauaros
704 2247 824 2301 omnes,
846 2227 998 2300 Saxones,
1019 2225 1192 2300 Bohemos,
1211 2225 1305 2288 Polo·

274 2357 330 2400 nes
344 2346 377 2402 et
392 2358 501 2400 ornnes
515 2337 655 2402 breuiter
670 2337 755 2400 circa
771 2338 914 2402 Rhenum
937 2337 969 2400 in
986 2337 1130 2420 predicte
1143 2336 1303 2408 solucione

272 2448 397 2523 tributi,
425 2451 465 2512 de
491 2449 601 2528 pannis
626 2448 726 2510 eciam
751 2447 908 2523 coloratis,
933 2449 1021 2530 regie
1043 2448 1240 2512 liberalitatis
1263 2449 1303 2514 de

273 2559 492 2622 munificencia
514 2559 660 2640 speciali,
681 2559 935 2642 redintegrantes
948 2559 1015 2622 siue
1030 2559 1211 2642 supplentes
1227 2560 1304 2622 ube

273 2671 388 2736 riorem
404 2680 435 2738 et
451 2670 621 2742 cautelam,
642 2691 698 2736 serr
713 2673 755 2737 de
768 2691 854 2734 nouo
869 2671 967 2734 eciam
983 2671 1205 2746 concedentes,
1219 2679 1303 2734 etex

270 2791 378 2862 nostra
397 2791 483 2846 certa
504 2783 639 2847 sciencia
660 2782 839 2865 largientes,
861 2784 978 2863 siquid
999 2782 1080 2846 torte
1096 2783 1222 2846 deesset
1243 2782 1303 2845 iuri

271 2893 412 2976 ipsorum
432 2893 539 2958 telonii
558 2909 615 2960 seu
637 2893 762 2967 tributi,
783 2895 950 2976 modo-per
965 2893 1070 2958 omnia
1088 2894 1140 2956 uel
1156 2892 1303 2956 solemni-

271 3013 333 3068 tete
357 3007 543 3090 supradictis
563 3007 702 3082 omnium
726 3014 906 3069 nostrorum
929 3007 1082 3068 baronum
1111 3007 1151 3068 de
1172 3004 1302 3066 consilio

274 3124 306 3180 et
325 3137 482 3180 consensu
503 3138 539 3182 ao
555 3119 806 3205 approbncinne,
827 3118 1023 3192 rata,‘lirma
1043 3125 1075 3180 et
1090 3118 1240 3180 inuiolata
1254 3117 1302 3178 in·

272 3229 502 3308 terpretacione
524 3249 582 3292 seu
603 3229 807 3293 concessione
827 3229 968 3311 present-i
988 3237 1140 3312 perpetuo
1156 3249 1303 3311 perman-

272 3355 355 3400 sura.
749 3356 751 3360 ·

353 3449 399 3512 Ne
422 3457 527 3511 autem
553 3449 705 3514 uarietate
730 3458 761 3513 et
781 3449 1008 3536 longinquitate
1029 3461 1208 3537 temporum
1228 3474 1301 3537 pre·

271 3558 367 3622 misse
391 3561 438 3622 rei
464 3561 562 3623 series
587 3570 759 3644 nostreque
783 3565 995 3628 concessionis
1018 3575 1050 3628 et
1074 3565 1301 3636 declaracipnis

271 3674 400 3734 effectus
422 3671 527 3738 ualeat
550 3673 746 3756 aliquetenus
766 3676 938 3751 immutari,
960 3699 1056 3760 quum
1072 3677 1302 3760 priuilegiere·

273 3804 347 3866 gum
371 3792 402 3848 et
416 3786 605 3868 principum,
622 3788 796 3868 presertim
808 3807 883 3871 erge
897 3799 1036 3853 sanctam
1051 3801 1185 3856 matrem
1200 3791 1302 3866 eccle-

270 3896 350 3960 siam
378 3897 488 3964 deceat
512 3917 584 3960 esse
612 3917 775 3972 mansura,
811 3900 963 3982 nulloque
991 3921 1128 3982 unqrmm
1155 3909 1301 3982 'tempore

270 4007 434 4083 uiolanda,
456 4008 488 4072 in
496 4016 644 4090 ,eternam
658 4013 704 4073 rei
719 4011 902 4074 memorium
918 4021 949 4074 et
957 4021 1166 4094 perpetuam,
1180 4011 1301 4078 eisdem

268 4117 414 4182 fidelibus
433 4119 558 4194 nostris,
580 4119 716 4202 capitulo
731 4120 955 4214 strigoniensi,
974 4130 1156 4206 presentem
1171 4141 1303 4188 conces·

260 4229 551 4316 ''simusipaginam
572 4231 725 4318 dupplieis
745 4231 839 4320 sigilli
859 4234 961 4300 noemi
977 4235 1151 4300 munimine
1172 4235 1302 4300 robora-⁶
