2920 4758
443 1385 446 1390 ff
489 1261 646 1348 cmm
669 1261 727 1350 nr.
752 1265 788 1349 r.
813 1261 857 1350 n.

171 1453 545 1533 connitendum
569 1455 771 1534 SYNODI
796 1453 1174 1540 summissis,

296 1611 298 1614 ’
534 1613 575 1677 Μ.
591 1613 624 1676 C.
639 1613 809 1676 LXXXVI.
908 1643 910 1648 ·

421 1786 444 1837 Ε
461 1785 561 1838 Forloti
579 1787 687 1855 illyrico
703 1802 780 1840 sacro
797 1787 845 1838 111.
863 1783 920 1840 22¹.

559 1941 790 1954 m

151 2071 156 2076 “
242 2065 384 2127 Urbanus
400 2065 585 2146 episcopus,
607 2083 719 2126 seruus
742 2083 907 2126 seruorum
927 2063 994 2138 dci,
1015 2061 1190 2126 uenerabiii
1309 2055 1313 2062 ’

156 2176 263 2251 fratri,
283 2175 377 2238 Petro
393 2175 569 2256 Spaiatensi
591 2175 830 2256 archiepiscopo
849 2175 980 2237 salutem
996 2183 1027 2237 et
1041 2175 1191 2257 apostoli·

157 2308 227 2350 cam
241 2288 505 2351 benedictionem.
536 2287 605 2362 Que
621 2307 639 2349 a
654 2287 803 2348 iratribus
819 2295 850 2348 et
865 2286 1058 2368 coiipiscopis
1074 2285 1190 2348 nostris

154 2399 357 2463 racionalitc'r
385 2407 628 2482 pertractantur,
655 2398 743 2460 firma
768 2398 885 2461 debent
911 2397 1090 2482 illibataque
1117 2417 1191 2482 per·

154 2529 301 2585 manere,
330 2519 362 2572 et
390 2531 429 2573 nc
453 2531 603 2592 processu
625 2509 775 2592 temporis
801 2529 858 2592 per
881 2509 1012 2574 alicuius
1035 2509 1189 2572 maliciam

152 2624 367 2696 immutentur,
379 2621 551 2705 apostolico
568 2623 705 2705 presidio
726 2623 922 2686 communiri.
946 2631 1114 2706 eapropter
1128 2623 1189 2687 tuis

151 2733 242 2797 iustis
259 2733 526 2816 postulacionibus
547 2741 670 2818 gratum
691 2735 913 2816 impercicntes
936 2755 1117 2810 assensum,
1140 2735 1187 2796 di-

154 2847 295 2910 uisiones
321 2845 556 2928 parochiarum,
591 2866 669 2928 quas
696 2847 735 2908 de
763 2849 1034 2928 suffraganeorum
1061 2855 1187 2909 tuorum

154 2977 288 3021 assensu
309 2957 422 3020 fecisse
445 2957 654 3039 dignosceris,
676 2965 707 3021 et
721 2957 820 3039 redigi
842 2956 943 3020 iecisti
967 2957 1000 3020 in
1023 2957 1188 3036 scriptum,

153 3091 212 3153 pro
236 3090 286 3145 eo,
308 3069 394 3154 qnod
415 3089 454 3132 ex
474 3071 658 3134 confusione
679 3071 818 3153 ipsarum
840 3070 1021 3153 questiones
1043 3067 1188 3136 difficiles

155 3183 263 3264 sepius
279 3183 528 3266 consurgebant,
549 3184 628 3244 sicut
642 3181 827 3244 racionabiii
841 3182 881 3244 de
900 3181 1024 3242 illorum
1038 3181 1190 3263 suffraga-

155 3315 291 3358 neorum
314 3295 513 3356 consciencia
534 3293 616 3358 facte
642 3301 732 3368 sunt,
763 3293 843 3356 etin
868 3291 985 3375 scripto
1009 3291 1188 3354 authentico

157 3407 377 3480 continentur,
398 3413 429 3468 et
450 3406 693 3469 constituciones
714 3403 805 3479 alias,
828 3425 890 3486 que
913 3425 971 3486 pro
995 3405 1189 3486 corrigendis

158 3519 368 3603 quorumdam
391 3517 572 3584 excessibus
595 3527 626 3582 ct
647 3519 715 3580 aliis
736 3517 878 3580 honestis
899 3517 1034 3592 caussis,
1056 3537 1190 3600 congre-

158 3639 230 3712 gato
252 3629 385 3692 conciiio
409 3629 640 3707 deliberacione
662 3629 797 3711 prouida
812 3629 978 3702 statuistis,
1007 3647 1078 3690 cum
1100 3629 1190 3692 addi-

157 3738 302 3801 cionibus
323 3747 355 3802 et
376 3739 710 3814 determinacionibus,
733 3759 794 3822 que
809 3740 885 3822 ipsis
900 3739 1044 3822 capitulis
1058 3739 1189 3802 inferius

156 3863 328 3934 ponuntur,
350 3853 534 3916 auctoritate
553 3851 726 3934 apostolica
741 3851 973 3914 confirmamus.

91 3941 94 3950 ‚
241 3961 288 4046 (1)
310 3963 347 4027 Ut
360 3963 499 4027 officium
519 3965 550 4028 b.
563 3964 662 4028 Maria
683 3965 723 4028 ab
744 3964 887 4027 omnibus
910 3964 1116 4028 communiter
1137 3983 1190 4026 cc-

154 4077 305 4162 lebretur.
331 4085 479 4160 preterea
495 4077 654 4153 canonici,
677 4077 731 4162 qui
744 4077 865 4141 reditus
881 4077 1047 4140 canonicos
1062 4075 1190 4149 habent,

157 4191 191 4253 in
212 4189 311 4280 nigris
331 4191 438 4275 cappis
458 4187 512 4255 uel
534 4188 613 4254 albis
634 4189 872 4276 superpelliceis
895 4191 936 4254 ad
956 4190 1065 4254 diuina
1085 4185 1190 4256 officia

158 4299 353 4368 celebranda
367 4303 573 4380 conueniant,
594 4309 625 4368 et
640 4302 797 4368 dormiant
809 4303 843 4368 in
858 4301 1025 4369 domitoris
1040 4319 1114 4368 uuo.
