2924 4758
268 370 330 448 tat
528 389 664 444 smoom
684 385 914 441 srncormrsn
934 383 1038 436 romu

354 548 437 626 (aa)
458 547 485 613 si
500 568 595 632 quem
610 547 778 632 episcopus
793 541 1129 618 excommunicauerit,
1155 539 1219 604 hoc
1233 536 1305 623 regi

272 667 304 724 et
316 660 464 725 fratribus
478 660 543 722 suis
559 659 639 724 datis
653 657 765 720 litteris
780 655 908 720 indicet.

354 774 437 850 (35)
458 771 562 836 nullus
584 778 674 834 exma
694 769 860 834 ecclesiam
880 768 913 832 in
930 767 1067 833 tentorio
1081 766 1135 830 uel
1148 765 1181 828 iu
1196 762 1304 847 aliqua

272 888 367 951 domo
385 885 512 948 missam
535 882 694 948 celebrare
718 889 772 944 aut
793 882 902 944 audire
926 881 1060 954 audeat,
1088 878 1147 943 nisi
1168 897 1227 942 rex
1249 884 1306 940 aut

272 995 431 1080 episcopi,
458 995 511 1058 uel
535 994 665 1058 comites
691 1001 722 1056 et
745 993 876 1056 abbates
896 991 959 1066 illi,
989 991 1043 1074 qui
1057 990 1229 1054 tentorium
1249 996 1306 1051 aut

272 1107 391 1190 aliquid
404 1105 601 1180 huiusmodi,
633 1104 740 1168 diuino
762 1103 960 1167 solummodo
984 1102 1080 1166 cultui
1101 1108 1304 1184 preparatum

271 1218 391 1284 habere
409 1224 559 1299 possunt,
581 1224 612 1280 et
631 1215 692 1280 hoc
708 1215 927 1278 tantummodo
946 1213 1072 1298 quaudo
1092 1219 1166 1274 sunt
1185 1211 1219 1274 iu
1239 1211 1305 1276 uia.

354 1331 433 1406 (36)
457 1330 585 1392 abbates
601 1327 741 1401 mitram,
762 1324 919 1400 sandalia,
938 1324 1122 1398 cirothecas,
1142 1323 1249 1386 nolum
1261 1323 1305 1386 ad

273 1440 425 1524 capellam
447 1439 500 1504 uel
520 1447 626 1504 cetera
641 1437 834 1522 episcopalia
847 1437 982 1520 insignia
996 1456 1061 1499 uon
1075 1436 1226 1509 babeant,
1247 1455 1306 1498 ne-

274 1573 335 1636 que
356 1552 532 1636 baptizent,
552 1571 657 1634 neque
679 1549 890 1633 penitenciam
912 1549 1002 1622 dent,
1023 1567 1128 1630 neque
1147 1547 1187 1612 ad
1202 1565 1306 1632 popu-

272 1665 338 1726 lum
351 1684 530 1727 sermonem
543 1663 669 1726 faciant.

355 1777 435 1852 (37)
466 1776 563 1838 abbas
587 1773 717 1856 prouisa
741 1771 888 1836 facultate
913 1769 1098 1836 monasterii
1123 1791 1195 1834 cum
1220 1771 1305 1853 epis·

274 1906 368 1970 copo,
397 1887 437 1948 ad
459 1886 523 1948 duo
543 1892 648 1950 aratra
668 1903 766 1948 uuum
788 1883 978 1946 monachum
997 1882 1185 1966 regulariter
1207 1881 1305 1946 uesti-

274 2005 340 2062 tum
355 2003 385 2060 ot
398 1995 585 2060 instructum
599 2002 723 2070 teneat,
745 2002 777 2059 et
794 1994 937 2077 regulam
956 1993 1042 2058 beati
1058 1992 1217 2058 benedicti
1236 2012 1303 2056 om-

275 2129 332 2172 nes
348 2108 493 2172 monachi
511 2107 611 2170 sciant
626 2113 658 2170 et
671 2105 857 2188 intelligant.

357 2221 437 2298 (38)
458 2227 493 2282 ut
507 2206 636 2284 abbates
656 2239 728 2282 raro
748 2219 787 2282 de
802 2220 1001 2287 monasteriis
1016 2220 1228 2303 egrediantur,
1247 2237 1304 2281 ne-

276 2355 338 2419 que
361 2335 401 2400 ad
421 2353 548 2416 regem,
569 2352 674 2415 neque
694 2333 735 2396 ad
754 2339 890 2396 remotas
912 2333 1131 2414 possessiones
1146 2332 1214 2396 siue
1231 2351 1305 2394 con-

275 2445 411 2512 sciencia
425 2443 567 2526 episcopi
580 2450 730 2525 pergant,
756 2463 870 2506 uerum
890 2451 996 2506 tamen
1011 2443 1131 2505 diucius
1145 2441 1305 2506 immorari

275 2575 340 2618 nou
356 2556 480 2617 debent.

358 2667 486 2732 abbates
509 2667 693 2750 parentibus
713 2665 779 2732 suis
800 2687 865 2732 non
886 2667 1072 2752 plusquam
1093 2667 1207 2732 ceteris
1229 2687 1306 2752 pau·

274 2779 401 2864 peribus
427 2779 578 2842 solacium
603 2779 729 2844 faciant.
758 2782 844 2864 quod
868 2781 895 2844 si
919 2781 1017 2844 abbas
1041 2781 1188 2846 inuentus
1211 2781 1307 2846 fuerit

274 2891 359 2953 bona
383 2889 564 2955 monasterii
586 2890 757 2973 dissipare,
778 2891 846 2974 ipse
867 2892 1053 2976 deponatur,
1074 2901 1106 2956 et
1126 2893 1307 2959 substancia

275 3002 331 3066 illa
345 3001 479 3066 ecclesia
493 3003 654 3068 reddatur.

357 3115 436 3193 (39)
465 3115 568 3178 nullus
593 3115 760 3198 episcopus
786 3122 840 3180 aut
863 3116 1019 3200 presbiter
1043 3115 1233 3181 monachum
1256 3135 1307 3180 or-

277 3223 373 3288 diuet.

358 3337 437 3414 (lb)
458 3336 487 3403 si
501 3337 572 3420 quis
587 3337 776 3403 monachum
793 3338 934 3402 habitum
948 3339 1059 3416 habet,
1082 3346 1135 3402 aut
1149 3346 1308 3403 monaste·

276 3448 359 3514 rium
372 3449 467 3512 intret
481 3455 534 3512 aut
547 3448 690 3512 habitum
709 3449 835 3532 perdat,
857 3459 889 3514 et
903 3452 1079 3534 penitencie
1095 3451 1267 3515 subiaceat.

360 3561 440 3638 (ll)
471 3560 575 3624 nullus
602 3562 757 3644 presbiter
784 3565 1041 3628 conueucionem⁴
1061 3564 1101 3626 de
1126 3562 1222 3634 missa
1248 3582 1307 3646 pro

278 3673 444 3740 oblacione
459 3673 562 3736 faciat.

357 3785 438 3861 (ld)
459 3785 562 3849 nullus
586 3785 752 3850 ecclesiam
777 3806 881 3850 emere
905 3788 1047 3850 uendere
1073 3793 1243 3868 presumat.
1279 3786 1306 3850 si

278 3899 348 3982 quis
364 3897 530 3962 ecclesiam
540 3897 728 3974 condiderit,
743 3906 796 3962 aut
809 3899 1020 3981 presbiterum
1034 3919 1126 3962 suum
1137 3899 1205 3962 sine
1217 3898 1310 3980 culpa

279 4009 445 4083 abiecerit,
476 4010 597 4072 delator
620 4009 703 4074 illius
726 4011 818 4094 culpe
842 4019 966 4096 partem
990 4011 1133 4094 magistri
1159 4011 1242 4074 illius
1268 4029 1309 4074 eo

279 4139 362 4188 anno
380 4119 522 4204 accipiat.

360 4234 438 4316 (l3)
458 4233 562 4300 nullus
577 4234 616 4301 de
629 4235 784 4322 baptismo
798 4235 852 4302 uel
865 4237 1027 4324 sepultura
1039 4236 1183 4324 precium
1192 4234 1310 4322 exigat
