2924 4758
245 407 307 474 300
675 379 843 472 moeotide.

243 578 342 642 hibita
356 579 520 642 audiencia
535 580 630 661 patris
646 586 796 661 precepta
809 578 897 642 iuxta
911 579 1016 642 diuine
1031 581 1190 662 sapiencie
1202 601 1274 644 sua-

244 711 313 752 sum
333 690 487 753 condecet
508 690 693 764 obseruare,
715 689 846 752 dicentis
861 711 919 772 per
933 711 968 753 cs
984 685 1176 755 Salamonis:
1199 693 1273 756 audi

243 800 289 864 fili
310 801 353 862 mi
376 801 572 884 disciplinam
596 801 692 882 patris
706 801 767 874 tui,
790 809 875 864 etue
891 801 1028 864 dimittas
1049 803 1153 886 legem
1167 805 1274 866 matris

239 918 310 985 tue,
330 918 366 974 ut
379 910 625 992 multiplicentur
641 910 713 972 anni
729 912 793 974 uite
808 921 871 974 tue.
894 932 934 974 ex
948 912 1007 974 hac
1023 933 1099 996 ergo
1115 915 1275 977 sentencia

246 1021 499 1084 animaduertere
520 1022 652 1104 puteris,
674 1019 700 1084 si
716 1041 754 1082 ea
768 1041 829 1103 que
850 1029 981 1103 paterna
1001 1023 1116 1104 pietate
1133 1023 1187 1086 tibi
1204 1045 1275 1105 pre-

247 1134 328 1216 cipio
343 1135 594 1216 contempseris,
608 1134 695 1216 quod
713 1133 809 1208 absit,
831 1133 917 1215 quod
931 1134 1141 1216 iamamplius
1157 1137 1275 1198 amicus

247 1247 298 1309 dei
320 1253 352 1308 et
372 1245 536 1308 homiuum
557 1265 621 1307 non
643 1245 714 1308 eris.
743 1246 815 1308 audi
831 1265 909 1308 uero
923 1245 1179 1310 inobediencium
1203 1267 1276 1328 pre-

246 1357 457 1421 naricaturum
470 1357 610 1440 precepti
622 1375 730 1420 casum
746 1365 777 1420 et
790 1357 1006 1439 precipicium.
1027 1359 1127 1422 Adam
1138 1359 1276 1440 quidem,

248 1488 342 1552 quem
366 1469 511 1536 dominus
534 1467 676 1559 conditor
698 1468 863 1552 tociusque
886 1477 1030 1536 creature
1050 1469 1222 1552 plasmator
1235 1471 1276 1538 ad

248 1599 338 1643 suam
364 1577 511 1642 formauit
538 1578 787 1652 similitudinem,
820 1599 956 1660 eumque
984 1577 1171 1642 uniuersalis
1200 1579 1275 1642 feeit

248 1691 400 1756 heredem
415 1691 590 1774 dignitatis,
611 1690 772 1752 uinculum
786 1691 881 1772 fregit
896 1699 1134 1772 preceptorum,
1159 1693 1277 1754 statim·

250 1823 312 1884 que
327 1803 512 1884 dignitatum
526 1799 748 1864 sublimitatem
768 1802 907 1883 perdidit
927 1821 963 1864 ac
976 1801 1173 1866 mansionem
1187 1823 1278 1884 para-

250 1912 319 1976 disi.
349 1912 495 1993 antiquus
519 1931 646 1994 quoque
668 1912 803 1994 populus
825 1932 844 1973 a
863 1913 924 1976 deo
940 1912 1056 1975 electus
1070 1912 1123 1975 uel
1138 1913 1278 1987 dilectus,

250 2025 324 2106 quia
338 2023 487 2106 ligamina
501 2023 721 2086 mandatorum
737 2023 805 2097 dei,
828 2023 932 2105 digitis
946 2023 1117 2086 conditoris
1138 2025 1198 2088 lata
1216 2025 1279 2087 dis-

249 2137 335 2210 iecit,
355 2135 473 2198 idcirco
489 2135 622 2200 diuersis
636 2135 754 2198 interiit
767 2136 879 2198 modis.
906 2143 1027 2217 partem
1046 2137 1175 2218 quidem
1194 2145 1279 2200 terra

250 2247 429 2329 deglutiuit,
459 2254 580 2328 partem
605 2267 732 2328 quoque
759 2247 980 2308 exterminator
1005 2245 1221 2321 mortificauit,
1248 2253 1280 2308 et

249 2378 322 2441 pars
337 2357 474 2420 inuicem
489 2357 607 2420 seuiter
617 2357 700 2419 lecit.
721 2355 804 2418 filius
816 2377 942 2442 quoque
955 2355 1128 2420 Salamonis
1141 2357 1280 2420 abiciens

249 2469 350 2532 uerba
377 2467 508 2550 pacifica
532 2468 643 2550 patris,
670 2467 788 2532 ideireo
813 2467 910 2530 multa
935 2468 1015 2530 mala
1040 2485 1150 2552 passus
1177 2467 1280 2530 estin

249 2599 361 2662 regno,
376 2586 408 2641 et
422 2580 462 2640 ad
476 2578 620 2641 ultimum
635 2577 754 2640 eiectus
771 2585 828 2640 est.
849 2578 910 2640 hoe
926 2578 981 2640 tibi
996 2599 1036 2641 ne
1052 2578 1171 2640 accidat
1186 2579 1280 2643 obedi

250 2691 326 2754 mihi
339 2689 384 2754 fili
398 2691 450 2754 mi.
470 2711 552 2774 puer
563 2711 598 2754 es
611 2689 794 2752 diuiciarum
806 2689 937 2752 uernula
947 2690 1152 2772 plurimarum
1163 2689 1280 2764 accola,

249 2803 333 2865 fetus
344 2802 563 2882 educatusque
584 2800 616 2864 in
631 2800 751 2864 deliciis
767 2800 900 2874 cunctiS,
922 2801 1023 2863 tocius
1038 2782 1288 2883 expedicionem

249 2914 365 2978 laboris
387 2921 480 2996 atque
496 2913 692 2976 diuersarum
713 2913 858 2992 gencium
880 2913 1067 2974 incursionis
1087 2932 1218 2996 expers,
1246 2891 1287 2974 iu

250 3025 364 3108 quibus
380 3043 440 3106 ego
451 3024 513 3088 iam
528 3023 594 3086 fere
609 3026 711 3084 meam
724 3030 820 3088 totam
832 3022 965 3086 contriui
978 3030 1102 3084 etatem.
1123 3020 1186 3084 iam
1199 3001 1286 3086 tem-⁴

250 3154 311 3216 pus
331 3133 421 3195 adest
440 3132 472 3194 in
488 3151 550 3213 quo
564 3133 619 3194 tibi
634 3151 696 3194 non
718 3151 844 3214 semper
858 3133 1024 3216 puluinum
1044 3132 1196 3206 mollicie,
1217 3153 1279 3214 que

250 3221 281 3307 te
302 3245 450 3309 hebetem
470 3252 502 3308 et
521 3225 689 3307 delicatum
709 3243 860 3318 reddant,
881 3243 1060 3306 adhibendo
1081 3251 1170 3317 sunt,
1192 3243 1279 3326 qued

251 3361 300 3418 est
314 3355 480 3434 dissipaciu
495 3355 644 3418 uirtutum
661 3362 692 3416 et
705 3355 858 3418 uiciorum
875 3353 1063 3428 fomentum,
1095 3361 1188 3436 atque
1203 3375 1280 3418 een-

250 3467 385 3547 tempeio
404 3464 573 3528 multorum
595 3465 825 3528 mandatorum.
857 3465 913 3526 sed
938 3465 1096 3528 interdum
1118 3465 1225 3526 uimen
1249 3471 1280 3526 et

251 3579 403 3660 asperitas
418 3578 586 3639 tribuenda
600 3584 658 3650 est,
676 3597 738 3660 que
753 3583 837 3638 tuam
852 3575 1096 3658 intelligentiam
1110 3559 1203 3638 adea
1218 3557 1286 3658 que¹

249 3689 390 3771 precipio
405 3689 541 3751 reddant
561 3694 721 3752 attentam.
749 3687 798 3748 his
820 3687 862 3748 ita
882 3685 1030 3767 perlectis
1051 3685 1218 3748 redeamus
1240 3666 1285 3748 ad

249 3800 456 3882 propositum.
1281 3773 1286 3787 Ι

605 4081 743 4134 axutam
762 4081 923 4128 ructuant.
