2920 4758
275 425 337 493 396
573 443 661 490 arun
674 441 722 488 m.
743 439 833 492 neers
854 439 1005 489 ausurus

275 598 412 662 leuioris
429 595 621 661 condicionis
644 617 715 660 esse
733 603 876 680 possunt.
915 593 1077 658 adiiclmus
1098 595 1198 658 eciam
1220 597 1307 678 quod

277 710 457 793 quicunque
478 729 579 792 usque
605 710 646 772 od
669 708 787 771 testum.
806 706 1035 790 purificaciouis
1060 707 1152 768 beate
1177 707 1309 788 uirginis

277 829 369 894 totas,
389 821 443 883 uel
463 828 584 902 partem
607 821 817 893 decimarum,
838 819 931 900 plene
952 837 1016 879 non
1034 817 1143 890 soluit,
1163 819 1310 880 modoet

279 933 389 994 ordine
405 952 467 1013 quo
484 940 532 994 est
547 932 680 1006 dictum,
702 931 755 994 illa
770 930 928 1012 possessio
943 936 1050 992 nostre
1062 929 1218 992 maiestati
1233 948 1311 991 con·

277 1042 387 1105 lisceto
401 1051 535 1117 arestat,
557 1043 624 1105 sine
639 1063 695 1124 spe
710 1040 925 1104 misericordie
939 1043 979 1102 ab
993 1039 1056 1115 illo,
1078 1039 1133 1122 qui
1146 1060 1214 1102 eam
1228 1048 1311 1104 tola·

279 1151 351 1216 liter
373 1153 559 1234 perdiderit,
580 1153 772 1226 rehabendi,
794 1151 928 1214 ecclesie
950 1151 1048 1234 ipsius
1064 1151 1179 1214 damno
1195 1151 1234 1214 do
1249 1151 1312 1216 eis·

281 1265 354 1328 d'em
369 1284 388 1327 a
401 1265 506 1350 gracia
520 1265 609 1346 regia
626 1264 789 1328 resarcito.
1121 1262 1125 1266 ’

309 1385 312 1390 “
364 1373 430 1456 (11)
452 1377 530 1439 ltem
544 1396 603 1438 nec
618 1395 723 1438 eomes
737 1375 896 1438 Palatinus
910 1375 1108 1449 tricesimam,
1129 1395 1190 1440 nec
1205 1395 1311 1440 comes

284 1489 494 1570 parochianus
516 1489 718 1558 centesimam
738 1489 770 1550 iu
794 1488 924 1550 decimis
947 1487 1151 1551 ecclesiarum
1171 1485 1311 1552 omnium

281 1601 400 1664 habere
416 1601 538 1663 dehent.
565 1619 625 1662 nec
639 1600 805 1681 quisquam
820 1598 898 1661 alius
911 1599 1074 1660 hominum
1093 1607 1239 1680 pretextu
1256 1599 1312 1662 ali-

283 1714 372 1776 cuius
387 1712 533 1774 adiutorii
546 1711 579 1772 in
594 1711 724 1772 decimis
740 1711 914 1792 exigendis,
934 1709 1180 1791 preexcellenoie
1194 1711 1247 1774 uel
1259 1731 1312 1774 co-

284 1825 426 1897 mitatus,
448 1824 574 1904 penitus
597 1822 712 1884 nullius
735 1822 851 1904 fastigii
874 1821 1017 1894 nomine,
1039 1821 1156 1904 aliquid
1179 1821 1312 1902 deipsis

286 1933 417 1994 decimis
431 1933 566 1995 ecclesie
582 1933 775 2006 diminuere,
797 1931 849 1996 uel
862 1932 922 2019 sibi
938 1933 1032 1994 modo
1048 1931 1166 2014 aliquo,
1189 1931 1241 1994 uel
1260 1951 1313 1993 oe-

286 2043 413 2104 catione
434 2050 528 2106 nacta
548 2061 701 2122 usurpare
724 2041 899 2124 presumat,
922 2061 994 2104 cum
1012 2050 1212 2106 sacrosancto
1228 2043 1314 2106 testi-

285 2153 392 2216 monio
404 2153 587 2236 euangelice
602 2153 752 2226 ueritatis,
767 2153 963 2216 sanctissimo
975 2172 1030 2214 ore
1042 2153 1210 2226 dominico,
1224 2153 1315 2216 reddi

286 2263 456 2331 districtius
479 2265 691 2346 depromatur,
719 2284 780 2345 que
804 2264 927 2326 Cesaris
951 2263 1074 2336 Cesnri,
1103 2270 1135 2326 et
1158 2283 1220 2345 que
1242 2270 1315 2326 suut

287 2377 338 2440 dei
354 2377 425 2449 deo,
446 2396 510 2438 uon
524 2376 557 2436 io
571 2373 631 2436 illis
648 2375 767 2439 tantum
783 2375 922 2448 decimis,
944 2393 1021 2456 quas
1037 2374 1157 2438 amalis
1172 2375 1316 2438 christia-

287 2487 335 2550 nis
350 2494 382 2548 et
396 2485 603 2546 contenciosis
619 2484 950 2566 hominibusipsorum
965 2486 1134 2548 auctoritas
1149 2485 1317 2566 pereccle-

287 2597 366 2662 siam
376 2596 527 2678 requisita
537 2596 678 2677 exegerit
693 2603 724 2658 et
736 2605 887 2677 potestas.
909 2615 987 2678 quas
999 2596 1180 2678 quicunque
1189 2595 1316 2660 soluere

287 2705 463 2789 neglexerit
479 2725 580 2788 usque
594 2705 707 2768 festum
722 2707 822 2770 sancti
836 2706 959 2770 Martini
974 2708 1007 2768 in
1022 2715 1088 2770 toto
1104 2708 1156 2770 uel
1170 2708 1203 2768 in
1220 2716 1317 2788 parte,

289 2837 361 2880 cum
375 2817 493 2880 iudicio
508 2819 601 2880 trium
615 2836 809 2890 marcarum,
823 2817 855 2878 io
872 2837 933 2898 qua
950 2837 1029 2897 pena
1045 2817 1180 2880 ecclesia
1194 2826 1317 2898 partem

285 2922 419 2994 lercium
434 2931 547 2992 debeat
562 2929 718 3002 altilibus,
733 2930 793 2992 deo
810 2936 841 2990 et
856 2929 977 3010 gracias
993 2929 1137 2990 omnibus
1149 2929 1318 3010 dependet.

370 3038 438 3123 (12)
460 3041 574 3104 Omnia
594 3049 699 3102 autem
722 3039 836 3100 damna
858 3058 921 3120 que
936 3038 1089 3102 officiales
1109 3059 1167 3102 eeu
1181 3040 1319 3101 decim-u-

288 3159 373 3216 tores
392 3151 524 3214 ecclesie
546 3151 599 3212 ‘uel
621 3151 705 3222 ideo,
727 3150 801 3230 quia
815 3149 955 3230 legitimo
975 3158 1117 3232 tempore
1133 3148 1256 3212 decime
1272 3151 1319 3212 di-

289 3266 354 3327 cari
373 3263 542 3346 aliquando
563 3283 582 3323 a
602 3261 691 3322 malis
710 3259 888 3323 homiuibus
910 3261 1102 3336 inhibentur,
1123 3262 1174 3325 uel
1190 3262 1252 3323 alia
1265 3280 1320 3322 su-

288 3394 346 3458 per
371 3374 519 3456 qualitate
544 3379 576 3436 et
598 3370 770 3452 quantitate
794 3371 988 3434 decimarum
1012 3373 1226 3452 predictorum
1249 3371 1320 3432 fieri

290 3485 470 3566 contigerit,
492 3490 564 3544 ante
587 3481 702 3544 festum
723 3481 824 3544 sancti
844 3482 968 3547 Martini
989 3483 1166 3564 predictum
1186 3473 1320 3544 stabitur

223 3614 227 3621 ·
288 3598 465 3660 iuramento
487 3593 600 3674 ipsius,
622 3591 677 3674 qui
692 3593 830 3658 decimas
843 3591 968 3659 soluere
990 3602 1124 3667 tenetur,
1144 3594 1321 3657 seeundum

199 3778 202 3784 ,
289 3716 396 3772 tamen
417 3703 600 3788 qualitatem
621 3705 756 3786 pecunie
778 3703 902 3776 debite,
924 3713 954 3766 et
969 3723 1104 3785 persone
1119 3704 1320 3786 qualitatem,

289 3825 383 3898 prout
404 3814 575 3896 requiritur
596 3835 656 3883 usu
677 3813 784 3896 regni,
807 3822 923 3878 'et-uon
940 3813 1030 3877 ultra.
1057 3807 1231 3880 festouero
1247 3834 1320 3895 pre·

289 3925 378 3990 dicto
391 3925 560 4008 preterito,
581 3925 685 3990 statim
700 3945 796 4006 super
812 3923 1104 3988 om‘nideciuia‘rum
1117 3923 1268 4008 qualitate
1289 3929 1321 3986 et

290 4038 482 4121 quantitate,
501 4043 757 4120 quantocunque
782 4035 900 4101 fuerint
922 4035 1107 4117 quantitatis
1124 4039 1162 4097 'et
1185 4017 1321 4108 ualeris,

292 4147 378 4216 credi
393 4148 486 4210 debet
500 4147 718 4212 tantummodo
735 4145 934 4210 decimatoris
948 4147 1141 4222 iuramento,
1160 4145 1321 4214 ‘odio-rua·

290 4261 395 4331 lorum
415 4259 596 4336 homiuum,
616 4257 677 4343 qui.
692 4266 798 4324 sancte
813 4259 947 4326 ecclesie
961 4259 1136 4336 iusticiam,
1157 4265 1188 4324 et
1202 4257 1321 4322 anima·
