2904 4754
271 391 334 458 tte
375 409 463 457 nane
477 409 519 456 rr.
531 399 623 456 mdis
636 405 788 455 creemus
801 403 958 456 nosrnnrr
972 409 1013 458 ne
1027 407 1185 455 numum.
1211 387 1300 456 12⁰9.

355 559 399 645 (i)
420 563 459 627 Ut
472 559 611 626 niiiicnm
623 561 706 626 inter
718 579 752 624 se
768 559 884 644 eligant
899 561 939 624 de
954 561 1114 624 communi
1127 559 1300 635 uoluntate,

273 675 327 760 qui
342 693 451 738 omnes
466 693 576 736 causas
592 673 765 736 eorundem
781 671 928 736 decidere
944 673 1076 746 debeat,
1096 672 1222 735 iusticia
1236 691 1300 734 me·

273 783 395 860 diente,
420 783 559 866 exceptis
580 783 769 866 quibusdam
787 782 900 857 censis,
927 782 1002 846 irrrti
1022 783 1188 857 uidelicet,
1216 783 1300 846 deei-

273 912 410 970 marum,
431 894 591 976 sanguinis
606 903 638 956 et
656 902 800 967 monete,
822 911 902 976 quas
916 893 1011 956 index
1027 899 1137 956 nester
1149 913 1208 976 pro
1222 901 1300 956 tem-

273 1025 350 1090 pore
366 1003 552 1070 constitutus
566 1003 714 1068 iudicabit
729 1011 761 1068 et
775 1001 914 1078 decidet,
929 1012 961 1068 et
975 1002 1103 1066 terciam
1118 1011 1240 1085 partem
1253 1003 1300 1066 iu-

271 1115 345 1181 dicii
358 1115 487 1180 habebit
499 1113 633 1190 uiliicns,
648 1115 726 1176 duas
741 1133 818 1177 uero
834 1121 938 1196 partes
953 1111 1049 1176 iudex
1064 1124 1174 1178 noster
1185 1113 1246 1176 sibi
1260 1115 1298 1180 de

271 1228 340 1290 iure
355 1225 543 1289 nendicabit.

355 1334 401 1418 (2)
422 1337 500 1400 item
514 1335 729 1398 ordinauimus
752 1343 786 1397 ut
799 1333 889 1397 nobis
903 1353 962 1416 pre
977 1353 1075 1397 censu
1089 1355 1147 1398 seu
1163 1335 1297 1417 terragio

272 1447 402 1532 singuiis
424 1447 513 1510 annis
537 1447 646 1530 uiginti
669 1461 790 1509 marcas
814 1445 939 1510 soluere
962 1453 1140 1508 teneantur.
1168 1462 1298 1529 quarum

273 1561 351 1625 duas
364 1568 472 1642 partes
496 1558 621 1622 soluerit
640 1557 674 1620 in
688 1563 819 1640 argento
833 1555 923 1632 fisco,
942 1555 1072 1620 terciam
1086 1577 1165 1620 uero
1180 1566 1299 1640 partem

273 1673 304 1736 in
319 1670 467 1746 denariis,
486 1669 566 1732 sicin
580 1667 633 1732 adii
650 1668 790 1750 hospites
811 1668 909 1732 nostri
923 1668 1064 1732 Saxones
1084 1669 1212 1732 soluere
1226 1689 1299 1732 con·

270 1789 452 1846 euenerunt.
479 1781 567 1844 cuius
592 1779 718 1862 quidem
743 1780 876 1864 pecunie
900 1779 1101 1844 medietatem
1126 1780 1252 1844 soluent
1267 1782 1298 1844 in

273 1893 356 1956 sesto
370 1889 709 1974 cacuminantem
730 1891 932 1955 medietatem
952 1891 985 1954 in
1000 1887 1079 1956 festo
1093 1913 1119 1954 s.
1130 1892 1298 1957 Michaelis.

356 1999 403 2085 (3)
423 2003 571 2066 Preterea
592 2002 711 2066 eisdem
730 2001 834 2064 iorum
849 2002 982 2066 liberum
1002 2001 1094 2066 solito
1108 2023 1198 2067 more
1213 2002 1299 2067 duxi-

273 2133 344 2178 mus
358 2111 608 2178 concedendum.

358 2223 404 2305 (t)
425 2225 504 2288 idem
519 2223 656 2288 decimas
677 2221 801 2286 soluent
821 2221 854 2287 in
873 2221 1126 2305 cnpeciis,·more
1141 2223 1299 2288 Saxonum

273 2336 415 2402 aliorum.

356 2443 403 2527 (5)
425 2443 473 2508 Ad
497 2443 557 2507 hec
582 2443 747 2508 ecclesiam
771 2463 843 2507 cum
869 2445 1040 2519 cimeterio,
1070 2453 1223 2527 qnantum
1244 2465 1298 2508 nos

274 2554 444 2637 contingit,
470 2555 652 2618 dimittimus
675 2553 723 2620 eis
747 2554 894 2630 liborum,
919 2557 1046 2620 racione
1070 2557 1223 2622 humandi
1245 2559 1297 2620 seu

272 2665 446 2748 sepeliendi
459 2672 609 2740 mortuos,
630 2667 895 2748 quemadmodum
918 2675 1010 2731 antea
1025 2667 1233 2732 dinoscuntur
1245 2667 1298 2733 ha·

272 2777 391 2842 tuisse.
664 2865 667 2869 .

355 2887 401 2972 (6)
423 2889 570 2955 Ceterum
592 2889 753 2964 notumne,
775 2887 861 2972 qnod
883 2897 983 2953 terras
1002 2906 1086 2965 sues,
1106 2889 1175 2954 sinc
1196 2891 1298 2974 prein-

273 3001 354 3074 dicio
369 3001 446 3066 iuris
461 3001 555 3066 alieni
569 2999 699 3083 pacifice
714 3007 854 3074 teneant,
867 3001 947 3064 sicut
960 3001 1113 3079 hactenus
1122 3008 1299 3066 tenuerunt.
1370 3014 1375 3024 ’

353 3115 469 3176 Datum
482 3131 540 3194 per
554 3131 665 3176 manus
680 3111 819 3194 magistri
833 3113 998 3187 Demetrii,
1019 3113 1172 3194 prepositi
1186 3113 1297 3178 Alben-

177 3240 178 3244 ’
273 3223 330 3296 sis,
360 3224 431 3288 aule
455 3231 562 3286 nostre
586 3221 853 3296 uicecauoeiiarii,
867 3223 986 3286 dilecti
1011 3232 1042 3286 et
1064 3223 1168 3288 fidelis
1192 3225 1297 3288 nostri.

274 3353 357 3422 anna
379 3333 714 3426 demini-tifiCLXiX.
744 3333 836 3421 νομί
855 3334 1083 3422 autemnnstii
1101 3353 1190 3420 anno.
1204 3337 1297 3422 teign-

275 3444 355 3508 simo
369 3450 491 3525 quarto.
1046 3483 1050 3489 s
1185 3487 1188 3490 .
