2924 4758
268 405 328 474 30l
371 389 664 474 ssrsrurm'ncors
678 425 719 470 nu
740 393 850 470 norun
871 421 1086 469 msruurmue
1107 421 1209 470 nmen.
1230 395 1297 490 (ιν.)

268 581 492 664 sempiternum
511 579 618 643 statuit
644 579 721 642 deus
736 578 794 642 illis
810 597 929 661 eosque
950 577 1130 662 segregauit
1145 579 1183 642 ab
1196 578 1299 640 homi·

267 695 377 768 nibus,
402 701 433 756 et
453 693 500 756 sui
522 691 657 755 nominis
676 675 769 774 atque
789 675 958 754 sanctitatis
974 690 1049 752 lecit
1063 690 1247 774 participes,
1270 697 1300 752 et

268 806 307 866 ab
328 805 465 866 hnmano
487 803 537 865 die
559 780 720 866 interdixit
740 801 1019 882 reprehendendos
1036 819 1105 863 esse
1127 821 1185 884 per
1199 791 1299 862 Dauid

269 915 415 980 deificum
436 935 561 998 regem:
584 914 825 996 nolitetangere
843 911 983 975 Christos
1004 932 1102 976 meos.
1128 912 1180 974 ille
1195 919 1299 975 autem

260 1028 368 1109 ,tangit
382 1027 521 1090 Christos
544 1026 611 1100 dei,
632 1026 685 1108 qni
701 1036 810 1088 contra
825 1010 967 1087 diuinum
988 1032 1020 1087 et
1041 1045 1194 1087 canonum
1210 1023 1299 1086 iusti-

180 1147 183 1158 *
270 1145 379 1224 tutum,
394 1138 473 1200 sacri
488 1137 606 1200 ordinis
621 1138 707 1200 uiros
722 1137 807 1199 falsis
819 1137 1090 1198 criminosioribus
1105 1135 1190 1200 fedat
1204 1143 1298 1216 atque

271 1247 303 1308 in
313 1247 477 1336 publicum
493 1247 655 1330 protrahit.
680 1247 766 1331 qrrod
784 1255 814 1310 te
830 1233 956 1310 omniuo
970 1245 1015 1308 fili
1030 1248 1071 1308 mi
1086 1265 1178 1328 agere
1192 1245 1300 1328 prohi-

271 1359 349 1433 beo,
372 1359 396 1422 si
412 1358 460 1420 uis
474 1359 586 1421 beatus
601 1358 710 1420 uiuere
726 1366 757 1420 et
773 1365 860 1420 tuum
874 1378 1007 1440 reguum
1022 1357 1204 1430 honestare,
1226 1353 1300 1438 quia

271 1470 305 1532 in
328 1470 377 1532 his
398 1471 494 1532 rebus
512 1469 665 1551 imprimis
680 1469 848 1534 offenditur
862 1471 950 1532 deus.
978 1469 1003 1531 si
1018 1469 1179 1532 accidente
1195 1475 1300 1530 autem

274 1582 364 1665 culpa
383 1581 632 1662 reprehensione
654 1581 761 1664 digna,
782 1601 972 1664 quemquam
992 1579 1103 1642 horum
1125 1581 1163 1642 de
1185 1579 1299 1660 quibus
1384 1567 1387 1572 ⁵

273 1712 376 1768 sermo
401 1700 449 1754 est
470 1677 635 1766 ceciderit,
657 1693 743 1774 quod
758 1693 855 1766 absit,
878 1691 997 1772 corripe
1014 1709 1084 1752 eum
1099 1698 1156 1762 ter,
1178 1697 1300 1770 quater,

273 1802 355 1866 inter
369 1811 400 1865 te
421 1802 525 1884 ipsum
547 1801 665 1888 solum,
686 1803 772 1866 irrxta
789 1781 975 1884 preceptum
999 1800 1164 1882 euangelii.
1185 1801 1210 1862 si
1225 1809 1300 1863 tuuc

273 1919 396 1976 secreta
409 1911 514 1974 renuit
529 1912 639 1975 audire
654 1913 788 1986 monita,
810 1913 989 1976 adhibenda
1003 1920 1076 1974 sunt
1089 1911 1144 1974 tibi
1158 1912 1300 1994 publica,

272 2025 445 2090 secuudum
458 2001 541 2085 hec:
564 2023 590 2084 si
608 2031 639 2086 te
654 2043 718 2085 nou
733 2024 877 2097 audierit,
899 2023 948 2085 dic
963 2023 1105 2085 ecclesie.
1138 2043 1211 2084 uam
1226 2024 1252 2083 si
1267 2034 1301 2086 tu

274 2135 417 2198 ordinem
437 2133 595 2210 seruabis,
624 2142 709 2198 tuam
733 2133 902 2227 gloriosam
924 2133 1050 2214 penitus
1075 2131 1226 2198 exaltabis
1248 2152 1302 2195 co·

271 2266 392 2310 ronam.

358 2467 539 2529 Carrrunuu
555 2467 606 2529 lV.
633 2469 676 2528 De
690 2469 798 2530 bonore
808 2471 979 2550 principum
992 2479 1018 2530 et
1032 2469 1167 2529 militem.
1198 2465 1301 2540 Quar-

272 2585 322 2642 tns
345 2578 441 2662 decor
459 2577 549 2660 regni
573 2585 621 2640 est
640 2577 797 2664 fidelitas,
811 2579 977 2653 fortitudo,
1002 2579 1139 2662 agilitas,
1161 2579 1301 2650 comitas,

251 2689 496 2772 „prouidencia,
518 2689 710 2778 principum,
727 2691 891 2766 comitum,
910 2691 1052 2754 militum.
1074 2691 1119 2752 illi
1132 2689 1215 2752 euim
1229 2696 1302 2752 suut

272 2801 361 2882 regui
385 2800 651 2882 repugnaculum,
680 2802 866 2864 defensores
890 2785 1110 2875 imbecillium,
1140 2819 1301 2880 expugua-

253 2944 255 2948 ·
271 2919 357 2974 tores
372 2912 634 2986 aduersariorum,
650 2922 903 2994 augmentatores
913 2911 1136 2974 ,marchiarum
1157 2909 1201 2971 illi
1215 2911 1301 2972 ¹euim

271 3020 316 3082 lili
329 3022 387 3082 mil
409 3029 481 3099 suu-t
496 3030 600 3104 patres
616 3031 647 3085 et
662 3023 784 3086 fratres.
806 3043 845 3084 ex
859 3023 907 3084 his
923 3043 1000 3085 uero
1014 3022 1172 3084 neminem
1186 3021 1218 3082 in
1233 3005 1300 3082 ser-

271 3130 403 3192 uitutem
422 3132 546 3212 redigas
562 3133 615 3194 uel
635 3153 764 3194 seruum
782 3131 935 3194 nomines.
961 3132 1004 3194 illi
1020 3131 1075 3196 tibi
1090 3133 1222 3196 militent
1236 3151 1302 3192 uon

271 3239 420 3301 seruiunt.
441 3261 551 3302 eorum
565 3241 709 3302 omuibus
724 3243 791 3304 siue
805 3243 852 3304 ira
867 3251 898 3304 et
913 3242 1062 3323 superbia
1075 3249 1166 3323 atque
1182 3239 1302 3302 inuidia

270 3347 419 3430 pacifice,
440 3349 608 3422 humiliter,
623 3361 792 3412 mansuete
808 3351 986 3426 dominare,
1008 3351 1157 3414 memoria
1177 3369 1302 3432 semper

272 3459 428 3532 retinens,
451 3459 536 3541 quod
551 3478 660 3550 omues
681 3439 827 3522 homines
847 3461 939 3523 uuius
958 3461 1020 3546 siut
1039 3459 1249 3531 condicionis,
1270 3465 1303 3518 et

271 3569 356 3650 quod
379 3568 457 3628 nibil
479 3569 583 3630 eleuat
603 3567 663 3631 nisi
685 3569 859 3654 humilitas,
882 3580 912 3632 et
928 3571 1013 3652 quod
1034 3569 1110 3630 nihil
1126 3567 1221 3638 deicit
1241 3566 1301 3654 uisi

271 3661 428 3770 superbia
442 3685 473 3738 et
493 3657 622 3763 inuidia.
649 3677 675 3742 si
696 3679 757 3742 eris
779 3679 927 3761 pacificus
949 3689 1023 3742 tuuc
1038 3679 1152 3742 diceris
1174 3699 1247 3751 rex,
1270 3685 1302 3739 et
1341 3683 1358 3719 ’-

251 3766 354 3876 fregis
365 3785 457 3880 filius,
472 3795 564 3868 atque
580 3791 733 3852 amaberis
745 3809 762 3850 a
775 3790 895 3850 cunctis
907 3788 1065 3850 militibus.
1087 3788 1113 3850 si
1123 3787 1301 3860 iracundae,
1341 3834 1345 3840 .

249 3877 435 3980 superbus,
456 3886 591 3974 inuidos,
612 3878 810 3982 impacificus,
832 3919 927 3980 super
947 3899 1077 3962 comites
1099 3907 1129 3961 et
1144 3899 1301 3984 principes

250 4009 425 4102 pceruicem
449 4011 600 4084 erexeris,
622 4007 689 4102 siue
708 4009 803 4095 dubio
820 4003 971 4074 fortitudo
987 4011 1120 4073 militum
1139 4010 1300 4072 hebetudo

208 4150 212 4159 ·
250 4177 256 4212 ἱ
271 4118 329 4210 erit
344 4119 494 4206 regalium
510 4117 711 4212 dignitatum,
729 4129 760 4184 et
774 4120 884 4184 alienis
899 4122 1038 4184 tradetur
1052 4141 1185 4204 reguum
1200 4103 1300 4184 tuum.

268 4228 330 4294 hoc
344 4229 457 4294 timens
474 4252 545 4295 cum
559 4231 670 4314 regula
684 4231 835 4296 uirtutum
850 4233 950 4318 dirige
965 4231 1063 4296 uitam
1078 4232 1245 4309 comitum,
1266 4237 1302 4297 ut
