<?xml version="1.0" encoding="UTF-8"?>
<!DOCTYPE html PUBLIC "-//W3C//DTD XHTML 1.0 Transitional//EN"
    "http://www.w3.org/TR/xhtml1/DTD/xhtml1-transitional.dtd">
<html xmlns="http://www.w3.org/1999/xhtml" xml:lang="en" lang="en">
 <head>
  <title>
</title>
<meta http-equiv="Content-Type" content="text/html;charset=utf-8" />
  <meta name='ocr-system' content='tesseract 3.04.00' />
  <meta name='ocr-capabilities' content='ocr_page ocr_carea ocr_par ocr_line ocrx_word'/>
</head>
<body>
  <div class='ocr_page' id='page_1' title='image "./rerumhungaricar01endlgoog_0201.png"; bbox 0 0 2904 4754; ppageno 0'>
   <div class='ocr_carea' id='block_1_1' title="bbox 270 371 1174 446">
    <p class='ocr_par' dir='ltr' id='par_1_1' title="bbox 270 371 1174 446">
     <span class='ocr_line' id='line_1_1' title="bbox 270 371 1174 446; baseline -0.004 0"><span class='ocrx_word' id='word_1_1' title='bbox 270 395 358 446; x_wconf 74' lang='lat' dir='ltr'><strong>asna</strong></span> <span class='ocrx_word' id='word_1_2' title='bbox 373 395 414 443; x_wconf 85' lang='lat' dir='ltr'><strong>rr.</strong></span> <span class='ocrx_word' id='word_1_3' title='bbox 425 393 517 444; x_wconf 78' lang='lat' dir='ltr'><strong>recu</strong></span> <span class='ocrx_word' id='word_1_4' title='bbox 532 393 683 446; x_wconf 72' lang='lat' dir='ltr'><strong>umeris</strong></span> <span class='ocrx_word' id='word_1_5' title='bbox 697 393 855 443; x_wconf 76' lang='lat' dir='ltr'><strong>cessares</strong></span> <span class='ocrx_word' id='word_1_6' title='bbox 870 382 930 444; x_wconf 83' lang='lat' dir='ltr'><strong>etc.</strong></span> <span class='ocrx_word' id='word_1_7' title='bbox 952 372 1043 443; x_wconf 72' lang='lat' dir='ltr'><strong>teat.</strong></span> <span class='ocrx_word' id='word_1_8' title='bbox 1112 371 1174 442; x_wconf 82' lang='lat' dir='ltr'><strong>toa</strong></span> 
     </span>
    </p>
   </div>
   <div class='ocr_carea' id='block_1_2' title="bbox 137 546 1186 4305">
    <p class='ocr_par' dir='ltr' id='par_1_2' title="bbox 137 546 1175 840">
     <span class='ocr_line' id='line_1_2' title="bbox 137 546 1175 630; baseline -0.005 -14"><span class='ocrx_word' id='word_1_9' title='bbox 137 551 303 618; x_wconf 72' lang='lat' dir='ltr'><strong>sentencia</strong></span> <span class='ocrx_word' id='word_1_10' title='bbox 317 549 495 624; x_wconf 86' lang='lat' dir='ltr'><strong>terminari,</strong></span> <span class='ocrx_word' id='word_1_11' title='bbox 511 549 550 613; x_wconf 91' lang='lat' dir='ltr'><strong>ad</strong></span> <span class='ocrx_word' id='word_1_12' title='bbox 565 555 705 614; x_wconf 82' lang='lat' dir='ltr'><strong>nostram</strong></span> <span class='ocrx_word' id='word_1_13' title='bbox 720 546 906 630; x_wconf 74' lang='lat' dir='ltr'><strong>specialiter,</strong></span> <span class='ocrx_word' id='word_1_14' title='bbox 929 553 962 610; x_wconf 86' lang='lat' dir='ltr'><strong>ct</strong></span> <span class='ocrx_word' id='word_1_15' title='bbox 974 566 1039 610; x_wconf 93' lang='lat' dir='ltr'><strong>non</strong></span> <span class='ocrx_word' id='word_1_16' title='bbox 1053 547 1175 612; x_wconf 80' lang='lat' dir='ltr'><strong>comitia</strong></span> 
     </span>
     <span class='ocr_line' id='line_1_3' title="bbox 139 659 1175 743; baseline -0.004 -15"><span class='ocrx_word' id='word_1_17' title='bbox 139 666 182 728; x_wconf 86' lang='lat' dir='ltr'><strong>de</strong></span> <span class='ocrx_word' id='word_1_18' title='bbox 202 663 328 738; x_wconf 91' lang='lat' dir='ltr'><strong>Zolom,</strong></span> <span class='ocrx_word' id='word_1_19' title='bbox 354 663 406 742; x_wconf 80' lang='lat' dir='ltr'><strong>uel</strong></span> <span class='ocrx_word' id='word_1_20' title='bbox 428 661 570 724; x_wconf 83' lang='lat' dir='ltr'><strong>officialis</strong></span> <span class='ocrx_word' id='word_1_21' title='bbox 596 661 711 743; x_wconf 88' lang='lat' dir='ltr'><strong>ipsius,</strong></span> <span class='ocrx_word' id='word_1_22' title='bbox 739 660 891 724; x_wconf 88' lang='lat' dir='ltr'><strong>accedere</strong></span> <span class='ocrx_word' id='word_1_23' title='bbox 913 659 1064 724; x_wconf 88' lang='lat' dir='ltr'><strong>iudicium</strong></span> <span class='ocrx_word' id='word_1_24' title='bbox 1087 667 1175 724; x_wconf 85' lang='lat' dir='ltr'><strong>tane·</strong></span> 
     </span>
     <span class='ocr_line' id='line_1_4' title="bbox 140 781 246 840; baseline 0 -2"><span class='ocrx_word' id='word_1_25' title='bbox 140 781 246 840; x_wconf 83' lang='lat' dir='ltr'><strong>antur.</strong></span> 
     </span>
    </p>

    <p class='ocr_par' dir='ltr' id='par_1_3' title="bbox 140 883 1177 1188">
     <span class='ocr_line' id='line_1_5' title="bbox 225 883 1175 963; baseline -0.003 -14"><span class='ocrx_word' id='word_1_26' title='bbox 225 887 284 963; x_wconf 84' lang='lat'><strong>(3)</strong></span> <span class='ocrx_word' id='word_1_27' title='bbox 306 885 477 949; x_wconf 73' lang='lat' dir='ltr'><strong>statuimus</strong></span> <span class='ocrx_word' id='word_1_28' title='bbox 492 884 607 958; x_wconf 86' lang='lat' dir='ltr'><strong>eciam,</strong></span> <span class='ocrx_word' id='word_1_29' title='bbox 628 892 663 948; x_wconf 90' lang='lat' dir='ltr'><strong>ut</strong></span> <span class='ocrx_word' id='word_1_30' title='bbox 682 885 710 948; x_wconf 88' lang='lat' dir='ltr'><strong>si</strong></span> <span class='ocrx_word' id='word_1_31' title='bbox 725 905 819 948; x_wconf 87' lang='lat' dir='ltr'><strong>cause</strong></span> <span class='ocrx_word' id='word_1_32' title='bbox 834 891 944 948; x_wconf 78' lang='lat' dir='ltr'><strong>exorta</strong></span> <span class='ocrx_word' id='word_1_33' title='bbox 963 883 1080 947; x_wconf 77' lang='lat' dir='ltr'><strong>inerim</strong></span> <span class='ocrx_word' id='word_1_34' title='bbox 1093 884 1175 950; x_wconf 89' lang='lat' dir='ltr'><strong>iuter</strong></span> 
     </span>
     <span class='ocr_line' id='line_1_6' title="bbox 141 993 1177 1078; baseline -0.004 -18"><span class='ocrx_word' id='word_1_35' title='bbox 141 1018 209 1071; x_wconf 90' lang='lat' dir='ltr'><strong>eos,</strong></span> <span class='ocrx_word' id='word_1_36' title='bbox 231 1017 272 1058; x_wconf 84' lang='lat' dir='ltr'><strong>ex</strong></span> <span class='ocrx_word' id='word_1_37' title='bbox 285 997 441 1078; x_wconf 84' lang='lat' dir='ltr'><strong>Hongaris</strong></span> <span class='ocrx_word' id='word_1_38' title='bbox 464 1004 494 1058; x_wconf 87' lang='lat' dir='ltr'><strong>et</strong></span> <span class='ocrx_word' id='word_1_39' title='bbox 509 996 689 1058; x_wconf 81' lang='lat' dir='ltr'><strong>Tetrtouicis</strong></span> <span class='ocrx_word' id='word_1_40' title='bbox 709 994 801 1057; x_wconf 88' lang='lat' dir='ltr'><strong>simul</strong></span> <span class='ocrx_word' id='word_1_41' title='bbox 821 995 999 1058; x_wconf 89' lang='lat' dir='ltr'><strong>testimonia</strong></span> <span class='ocrx_word' id='word_1_42' title='bbox 1012 993 1177 1078; x_wconf 82' lang='lat' dir='ltr'><strong>proferan-</strong></span> 
     </span>
     <span class='ocr_line' id='line_1_7' title="bbox 140 1105 1094 1188; baseline -0.006 -17"><span class='ocrx_word' id='word_1_43' title='bbox 140 1117 205 1184; x_wconf 86' lang='lat' dir='ltr'><strong>tur,</strong></span> <span class='ocrx_word' id='word_1_44' title='bbox 226 1109 265 1172; x_wconf 91' lang='lat' dir='ltr'><strong>ad</strong></span> <span class='ocrx_word' id='word_1_45' title='bbox 280 1127 407 1170; x_wconf 91' lang='lat' dir='ltr'><strong>omnem</strong></span> <span class='ocrx_word' id='word_1_46' title='bbox 422 1105 665 1188; x_wconf 89' lang='lat' dir='ltr'><strong>disceptaoionis</strong></span> <span class='ocrx_word' id='word_1_47' title='bbox 680 1106 843 1168; x_wconf 81' lang='lat' dir='ltr'><strong>materiam</strong></span> <span class='ocrx_word' id='word_1_48' title='bbox 863 1105 1094 1186; x_wconf 88' lang='lat' dir='ltr'><strong>amputandam.</strong></span> 
     </span>
    </p>

    <p class='ocr_par' dir='ltr' id='par_1_4' title="bbox 141 1215 1177 1416">
     <span class='ocr_line' id='line_1_8' title="bbox 226 1215 1177 1300; baseline -0.002 -18"><span class='ocrx_word' id='word_1_49' title='bbox 226 1217 285 1296; x_wconf 80' lang='lat' dir='ltr'><strong>(l)</strong></span> <span class='ocrx_word' id='word_1_50' title='bbox 306 1219 384 1285; x_wconf 90' lang='lat' dir='ltr'><strong>ltem</strong></span> <span class='ocrx_word' id='word_1_51' title='bbox 407 1219 494 1300; x_wconf 87' lang='lat' dir='ltr'><strong>quod</strong></span> <span class='ocrx_word' id='word_1_52' title='bbox 515 1218 665 1280; x_wconf 91' lang='lat' dir='ltr'><strong>tributum</strong></span> <span class='ocrx_word' id='word_1_53' title='bbox 686 1215 811 1280; x_wconf 89' lang='lat' dir='ltr'><strong>soluere</strong></span> <span class='ocrx_word' id='word_1_54' title='bbox 832 1237 891 1298; x_wconf 92' lang='lat' dir='ltr'><strong>por</strong></span> <span class='ocrx_word' id='word_1_55' title='bbox 906 1216 1089 1280; x_wconf 87' lang='lat' dir='ltr'><strong>uniuersum</strong></span> <span class='ocrx_word' id='word_1_56' title='bbox 1105 1236 1177 1300; x_wconf 78' lang='lat' dir='ltr'><strong>reg·</strong></span> 
     </span>
     <span class='ocr_line' id='line_1_9' title="bbox 141 1328 888 1416; baseline -0.007 -23"><span class='ocrx_word' id='word_1_57' title='bbox 141 1351 220 1393; x_wconf 90' lang='lat' dir='ltr'><strong>num</strong></span> <span class='ocrx_word' id='word_1_58' title='bbox 234 1338 377 1393; x_wconf 90' lang='lat' dir='ltr'><strong>nostrum</strong></span> <span class='ocrx_word' id='word_1_59' title='bbox 391 1328 553 1416; x_wconf 76' lang='lat' dir='ltr'><strong>Hungarie</strong></span> <span class='ocrx_word' id='word_1_60' title='bbox 567 1329 695 1394; x_wconf 89' lang='lat' dir='ltr'><strong>minime</strong></span> <span class='ocrx_word' id='word_1_61' title='bbox 712 1335 888 1393; x_wconf 87' lang='lat' dir='ltr'><strong>teneantur.</strong></span> 
     </span>
    </p>

    <p class='ocr_par' dir='ltr' id='par_1_5' title="bbox 142 1438 1178 1965">
     <span class='ocr_line' id='line_1_10' title="bbox 194 1438 1177 1530; baseline -0.002 -28"><span class='ocrx_word' id='word_1_62' title='bbox 194 1525 197 1530; x_wconf 27' lang='grc' dir='ltr'>Ι</span> <span class='ocrx_word' id='word_1_63' title='bbox 228 1443 290 1516; x_wconf 85' lang='grc'><strong>(5)</strong></span> <span class='ocrx_word' id='word_1_64' title='bbox 313 1440 522 1502; x_wconf 88' lang='lat' dir='ltr'><strong>Concedimus</strong></span> <span class='ocrx_word' id='word_1_65' title='bbox 537 1438 654 1513; x_wconf 87' lang='lat' dir='ltr'><strong>eciam,</strong></span> <span class='ocrx_word' id='word_1_66' title='bbox 668 1445 703 1502; x_wconf 94' lang='lat' dir='ltr'><strong>ut</strong></span> <span class='ocrx_word' id='word_1_67' title='bbox 716 1439 756 1500; x_wconf 89' lang='lat' dir='ltr'><strong>ab</strong></span> <span class='ocrx_word' id='word_1_68' title='bbox 771 1457 867 1520; x_wconf 90' lang='lat' dir='ltr'><strong>opere</strong></span> <span class='ocrx_word' id='word_1_69' title='bbox 884 1447 915 1502; x_wconf 90' lang='lat' dir='ltr'><strong>et</strong></span> <span class='ocrx_word' id='word_1_70' title='bbox 928 1438 1070 1501; x_wconf 87' lang='lat' dir='ltr'><strong>seruieiis</strong></span> <span class='ocrx_word' id='word_1_71' title='bbox 1084 1439 1177 1502; x_wconf 82' lang='lat' dir='ltr'><strong>castri</strong></span> 
     </span>
     <span class='ocr_line' id='line_1_11' title="bbox 142 1548 1177 1635; baseline -0.003 -22"><span class='ocrx_word' id='word_1_72' title='bbox 142 1549 288 1635; x_wconf 81' lang='lat' dir='ltr'><strong>Zolyom,</strong></span> <span class='ocrx_word' id='word_1_73' title='bbox 301 1551 393 1613; x_wconf 88' lang='lat' dir='ltr'><strong>sicuti</strong></span> <span class='ocrx_word' id='word_1_74' title='bbox 408 1551 459 1612; x_wconf 89' lang='lat' dir='ltr'><strong>alii</strong></span> <span class='ocrx_word' id='word_1_75' title='bbox 474 1549 616 1631; x_wconf 84' lang='lat' dir='ltr'><strong>hospites</strong></span> <span class='ocrx_word' id='word_1_76' title='bbox 630 1549 743 1622; x_wconf 90' lang='lat' dir='ltr'><strong>nostri,</strong></span> <span class='ocrx_word' id='word_1_77' title='bbox 757 1548 1046 1622; x_wconf 68' lang='lat' dir='ltr'><strong>liberi&#39;habeautur,</strong></span> <span class='ocrx_word' id='word_1_78' title='bbox 1061 1550 1177 1612; x_wconf 86' lang='lat' dir='ltr'><strong>exemti</strong></span> 
     </span>
     <span class='ocr_line' id='line_1_12' title="bbox 144 1659 1177 1746; baseline -0.004 -20"><span class='ocrx_word' id='word_1_79' title='bbox 144 1663 271 1746; x_wconf 89' lang='lat' dir='ltr'><strong>penitus</strong></span> <span class='ocrx_word' id='word_1_80' title='bbox 286 1671 317 1725; x_wconf 91' lang='lat' dir='ltr'><strong>et</strong></span> <span class='ocrx_word' id='word_1_81' title='bbox 329 1661 501 1736; x_wconf 74' lang='lat' dir='ltr'><strong>immuneS,</strong></span> <span class='ocrx_word' id='word_1_82' title='bbox 521 1669 694 1724; x_wconf 80' lang='lat' dir='ltr'><strong>statuentes</strong></span> <span class='ocrx_word' id='word_1_83' title='bbox 708 1660 911 1724; x_wconf 87' lang='lat' dir='ltr'><strong>nihilomiuus</strong></span> <span class='ocrx_word' id='word_1_84' title='bbox 931 1669 962 1723; x_wconf 92' lang='lat' dir='ltr'><strong>et</strong></span> <span class='ocrx_word' id='word_1_85' title='bbox 975 1659 1107 1722; x_wconf 88' lang='lat' dir='ltr'><strong>firmiter</strong></span> <span class='ocrx_word' id='word_1_86' title='bbox 1122 1661 1177 1723; x_wconf 88' lang='lat' dir='ltr'><strong>de-</strong></span> 
     </span>
     <span class='ocr_line' id='line_1_13' title="bbox 145 1769 1178 1856; baseline -0.001 -19"><span class='ocrx_word' id='word_1_87' title='bbox 145 1782 328 1848; x_wconf 84' lang='lat' dir='ltr'><strong>cernentes,</strong></span> <span class='ocrx_word' id='word_1_88' title='bbox 350 1775 436 1856; x_wconf 87' lang='lat' dir='ltr'><strong>quod</strong></span> <span class='ocrx_word' id='word_1_89' title='bbox 454 1772 494 1852; x_wconf 88' lang='lat' dir='ltr'><strong>ad</strong></span> <span class='ocrx_word' id='word_1_90' title='bbox 516 1771 821 1851; x_wconf 84' lang='lat' dir='ltr'><strong>nullas-exactiones</strong></span> <span class='ocrx_word' id='word_1_91' title='bbox 842 1769 998 1836; x_wconf 90' lang='lat' dir='ltr'><strong>indebitas</strong></span> <span class='ocrx_word' id='word_1_92' title='bbox 1021 1779 1052 1835; x_wconf 90' lang='lat' dir='ltr'><strong>et</strong></span> <span class='ocrx_word' id='word_1_93' title='bbox 1065 1791 1178 1856; x_wconf 80' lang='lat' dir='ltr'><strong>graua-</strong></span> 
     </span>
     <span class='ocr_line' id='line_1_14' title="bbox 145 1881 749 1965; baseline -0.005 -18"><span class='ocrx_word' id='word_1_94' title='bbox 145 1885 230 1948; x_wconf 88' lang='lat' dir='ltr'><strong>mina</strong></span> <span class='ocrx_word' id='word_1_95' title='bbox 244 1905 302 1965; x_wconf 88' lang='lat' dir='ltr'><strong>per</strong></span> <span class='ocrx_word' id='word_1_96' title='bbox 316 1883 495 1964; x_wconf 87' lang='lat' dir='ltr'><strong>quempiam</strong></span> <span class='ocrx_word' id='word_1_97' title='bbox 512 1881 749 1964; x_wconf 85' lang='lat' dir='ltr'><strong>compellantur.</strong></span> 
     </span>
    </p>

    <p class='ocr_par' dir='ltr' id='par_1_6' title="bbox 144 1991 1182 2642">
     <span class='ocr_line' id='line_1_15' title="bbox 228 1991 1178 2075; baseline 0 -19"><span class='ocrx_word' id='word_1_98' title='bbox 228 1995 287 2070; x_wconf 82' lang='grc'><strong>(6)</strong></span> <span class='ocrx_word' id='word_1_99' title='bbox 315 1994 363 2056; x_wconf 81' lang='lat' dir='ltr'><strong>Ad</strong></span> <span class='ocrx_word' id='word_1_100' title='bbox 384 1993 461 2068; x_wconf 90' lang='lat' dir='ltr'><strong>hec,</strong></span> <span class='ocrx_word' id='word_1_101' title='bbox 489 1993 670 2075; x_wconf 89' lang='lat' dir='ltr'><strong>quicunque</strong></span> <span class='ocrx_word' id='word_1_102' title='bbox 693 1991 792 2066; x_wconf 89' lang='lat' dir='ltr'><strong>libere</strong></span> <span class='ocrx_word' id='word_1_103' title='bbox 816 1993 1011 2056; x_wconf 85' lang='lat' dir='ltr'><strong>condicionis</strong></span> <span class='ocrx_word' id='word_1_104' title='bbox 1033 1994 1178 2058; x_wconf 90' lang='lat' dir='ltr'><strong>homines</strong></span> 
     </span>
     <span class='ocr_line' id='line_1_16' title="bbox 145 2103 1177 2188; baseline -0.002 -18"><span class='ocrx_word' id='word_1_105' title='bbox 145 2107 186 2170; x_wconf 86' lang='lat' dir='ltr'><strong>ad</strong></span> <span class='ocrx_word' id='word_1_106' title='bbox 201 2106 329 2168; x_wconf 88' lang='lat' dir='ltr'><strong>easdem</strong></span> <span class='ocrx_word' id='word_1_107' title='bbox 344 2103 435 2168; x_wconf 90' lang='lat' dir='ltr'><strong>uillas</strong></span> <span class='ocrx_word' id='word_1_108' title='bbox 450 2104 607 2168; x_wconf 87' lang='lat' dir='ltr'><strong>coluerint</strong></span> <span class='ocrx_word' id='word_1_109' title='bbox 622 2105 810 2178; x_wconf 87' lang='lat' dir='ltr'><strong>conuenire,</strong></span> <span class='ocrx_word' id='word_1_110' title='bbox 831 2106 937 2188; x_wconf 76' lang='lat' dir='ltr'><strong>gracia</strong></span> <span class='ocrx_word' id='word_1_111' title='bbox 951 2107 1177 2180; x_wconf 89' lang='lat' dir='ltr'><strong>commorandi,</strong></span> 
     </span>
     <span class='ocr_line' id='line_1_17' title="bbox 145 2201 1181 2304; baseline 0 -25"><span class='ocrx_word' id='word_1_112' title='bbox 145 2217 247 2280; x_wconf 90' lang='lat' dir='ltr'><strong>libere</strong></span> <span class='ocrx_word' id='word_1_113' title='bbox 261 2217 393 2283; x_wconf 84' lang='lat' dir='ltr'><strong>ueniant</strong></span> <span class='ocrx_word' id='word_1_114' title='bbox 407 2224 438 2280; x_wconf 89' lang='lat' dir='ltr'><strong>et</strong></span> <span class='ocrx_word' id='word_1_115' title='bbox 460 2235 586 2304; x_wconf 77' lang='lat' dir='ltr'><strong>secure,</strong></span> <span class='ocrx_word' id='word_1_116' title='bbox 607 2215 690 2280; x_wconf 88' lang='lat' dir='ltr'><strong>iusto</strong></span> <span class='ocrx_word' id='word_1_117' title='bbox 706 2215 837 2278; x_wconf 90' lang='lat' dir='ltr'><strong>dominii</strong></span> <span class='ocrx_word' id='word_1_118' title='bbox 859 2216 994 2298; x_wconf 84' lang='lat' dir='ltr'><strong>terragio</strong></span> <span class='ocrx_word' id='word_1_119' title='bbox 1009 2201 1181 2298; x_wconf 88' lang='lat' dir='ltr'><strong>persoluto,</strong></span> 
     </span>
     <span class='ocr_line' id='line_1_18' title="bbox 144 2325 1181 2408; baseline 0 -20"><span class='ocrx_word' id='word_1_120' title='bbox 144 2328 267 2398; x_wconf 89' lang='lat' dir='ltr'><strong>eisdem</strong></span> <span class='ocrx_word' id='word_1_121' title='bbox 281 2325 475 2391; x_wconf 87' lang='lat' dir='ltr'><strong>libertatibus</strong></span> <span class='ocrx_word' id='word_1_122' title='bbox 490 2325 630 2398; x_wconf 85' lang='lat' dir='ltr'><strong>fruituri,</strong></span> <span class='ocrx_word' id='word_1_123' title='bbox 652 2325 765 2408; x_wconf 78' lang='lat' dir='ltr'><strong>quibus</strong></span> <span class='ocrx_word' id='word_1_124' title='bbox 790 2326 959 2406; x_wconf 86' lang='lat' dir='ltr'><strong>pociuntur</strong></span> <span class='ocrx_word' id='word_1_125' title='bbox 973 2326 1181 2408; x_wconf 83' lang='lat' dir='ltr'><strong>prenominati</strong></span> 
     </span>
     <span class='ocr_line' id='line_1_19' title="bbox 144 2437 1182 2523; baseline -0.002 -21"><span class='ocrx_word' id='word_1_126' title='bbox 144 2439 289 2523; x_wconf 88' lang='lat' dir='ltr'><strong>hospites</strong></span> <span class='ocrx_word' id='word_1_127' title='bbox 303 2444 335 2502; x_wconf 91' lang='lat' dir='ltr'><strong>el</strong></span> <span class='ocrx_word' id='word_1_128' title='bbox 348 2438 504 2512; x_wconf 84' lang='lat' dir='ltr'><strong>truantur,</strong></span> <span class='ocrx_word' id='word_1_129' title='bbox 526 2437 696 2500; x_wconf 87' lang='lat' dir='ltr'><strong>recedendi</strong></span> <span class='ocrx_word' id='word_1_130' title='bbox 712 2437 830 2513; x_wconf 89' lang='lat' dir='ltr'><strong>eciam,</strong></span> <span class='ocrx_word' id='word_1_131' title='bbox 851 2439 980 2522; x_wconf 89' lang='lat' dir='ltr'><strong>quando</strong></span> <span class='ocrx_word' id='word_1_132' title='bbox 994 2439 1039 2504; x_wconf 88' lang='lat' dir='ltr'><strong>eis</strong></span> <span class='ocrx_word' id='word_1_133' title='bbox 1055 2438 1182 2520; x_wconf 88' lang='lat' dir='ltr'><strong>placue-</strong></span> 
     </span>
     <span class='ocr_line' id='line_1_20' title="bbox 145 2548 750 2642; baseline -0.005 -30"><span class='ocrx_word' id='word_1_134' title='bbox 145 2551 202 2624; x_wconf 90' lang='lat' dir='ltr'><strong>rit,</strong></span> <span class='ocrx_word' id='word_1_135' title='bbox 222 2549 360 2612; x_wconf 86' lang='lat' dir='ltr'><strong>habeant</strong></span> <span class='ocrx_word' id='word_1_136' title='bbox 372 2549 545 2642; x_wconf 82' lang='lat' dir='ltr'><strong>plenariam</strong></span> <span class='ocrx_word' id='word_1_137' title='bbox 560 2548 750 2612; x_wconf 83' lang='lat' dir='ltr'><strong>facultatem.</strong></span> 
     </span>
    </p>

    <p class='ocr_par' dir='ltr' id='par_1_7' title="bbox 146 2660 1184 2962">
     <span class='ocr_line' id='line_1_21' title="bbox 231 2660 1184 2744; baseline 0.004 -22"><span class='ocrx_word' id='word_1_138' title='bbox 231 2664 289 2736; x_wconf 86' lang='grc'><strong>(7)</strong></span> <span class='ocrx_word' id='word_1_139' title='bbox 311 2660 474 2725; x_wconf 90' lang='lat' dir='ltr'><strong>Sancimus</strong></span> <span class='ocrx_word' id='word_1_140' title='bbox 497 2660 613 2734; x_wconf 85' lang='lat' dir='ltr'><strong>eciam,</strong></span> <span class='ocrx_word' id='word_1_141' title='bbox 634 2667 670 2722; x_wconf 92' lang='lat' dir='ltr'><strong>ut</strong></span> <span class='ocrx_word' id='word_1_142' title='bbox 688 2661 876 2722; x_wconf 86' lang='lat' dir='ltr'><strong>descensum</strong></span> <span class='ocrx_word' id='word_1_143' title='bbox 898 2680 996 2742; x_wconf 71' lang='lat' dir='ltr'><strong>super</strong></span> <span class='ocrx_word' id='word_1_144' title='bbox 1016 2681 1072 2724; x_wconf 87' lang='lat' dir='ltr'><strong>eos</strong></span> <span class='ocrx_word' id='word_1_145' title='bbox 1086 2661 1184 2744; x_wconf 87' lang='lat' dir='ltr'><strong>aliqui</strong></span> 
     </span>
     <span class='ocr_line' id='line_1_22' title="bbox 146 2771 1182 2856; baseline 0 -20"><span class='ocrx_word' id='word_1_146' title='bbox 146 2773 255 2838; x_wconf 85' lang='lat' dir='ltr'><strong>facere</strong></span> <span class='ocrx_word' id='word_1_147' title='bbox 275 2793 339 2836; x_wconf 89' lang='lat' dir='ltr'><strong>nou</strong></span> <span class='ocrx_word' id='word_1_148' title='bbox 360 2780 560 2854; x_wconf 82' lang='lat' dir='ltr'><strong>presumant,</strong></span> <span class='ocrx_word' id='word_1_149' title='bbox 581 2771 641 2834; x_wconf 87' lang='lat' dir='ltr'><strong>uisi</strong></span> <span class='ocrx_word' id='word_1_150' title='bbox 662 2771 723 2834; x_wconf 90' lang='lat' dir='ltr'><strong>hoc</strong></span> <span class='ocrx_word' id='word_1_151' title='bbox 745 2771 919 2848; x_wconf 81' lang='lat' dir='ltr'><strong>eorundem</strong></span> <span class='ocrx_word' id='word_1_152' title='bbox 933 2771 1093 2854; x_wconf 89' lang='lat' dir='ltr'><strong>hospitum</strong></span> <span class='ocrx_word' id='word_1_153' title='bbox 1115 2773 1182 2856; x_wconf 84' lang='lat' dir='ltr'><strong>pla-</strong></span> 
     </span>
     <span class='ocr_line' id='line_1_23' title="bbox 147 2881 955 2962; baseline -0.009 -17"><span class='ocrx_word' id='word_1_154' title='bbox 147 2891 219 2962; x_wconf 84' lang='lat' dir='ltr'><strong>ceat</strong></span> <span class='ocrx_word' id='word_1_155' title='bbox 233 2881 396 2958; x_wconf 86' lang='lat' dir='ltr'><strong>uoluntati.</strong></span> <span class='ocrx_word' id='word_1_156' title='bbox 464 2933 468 2936; x_wconf 95' lang='lat'>.</span> <span class='ocrx_word' id='word_1_157' title='bbox 952 2947 955 2952; x_wconf 52' lang='grc'>,</span> 
     </span>
    </p>

    <p class='ocr_par' dir='ltr' id='par_1_8' title="bbox 149 2993 1183 3390">
     <span class='ocr_line' id='line_1_24' title="bbox 234 2993 1182 3076; baseline 0.004 -20"><span class='ocrx_word' id='word_1_158' title='bbox 234 2995 294 3070; x_wconf 82' lang='grc'><strong>(8)</strong></span> <span class='ocrx_word' id='word_1_159' title='bbox 315 2994 396 3056; x_wconf 90' lang='lat' dir='ltr'><strong>lllud</strong></span> <span class='ocrx_word' id='word_1_160' title='bbox 409 3000 554 3076; x_wconf 87' lang='lat' dir='ltr'><strong>preterea</strong></span> <span class='ocrx_word' id='word_1_161' title='bbox 569 3013 608 3055; x_wconf 87' lang='lat' dir='ltr'><strong>ex</strong></span> <span class='ocrx_word' id='word_1_162' title='bbox 623 2993 753 3075; x_wconf 85' lang='lat' dir='ltr'><strong>speciali</strong></span> <span class='ocrx_word' id='word_1_163' title='bbox 767 2993 812 3056; x_wconf 89' lang='lat' dir='ltr'><strong>eis</strong></span> <span class='ocrx_word' id='word_1_164' title='bbox 828 2993 972 3068; x_wconf 83' lang='lat' dir='ltr'><strong>duximus</strong></span> <span class='ocrx_word' id='word_1_165' title='bbox 986 2993 1090 3076; x_wconf 79' lang='lat' dir='ltr'><strong>gracia</strong></span> <span class='ocrx_word' id='word_1_166' title='bbox 1106 3014 1182 3060; x_wconf 87' lang='lat' dir='ltr'><strong>coa-</strong></span> 
     </span>
     <span class='ocr_line' id='line_1_25' title="bbox 149 3103 1182 3186; baseline 0.005 -20"><span class='ocrx_word' id='word_1_167' title='bbox 149 3106 284 3179; x_wconf 88' lang='lat' dir='ltr'><strong>cedere,</strong></span> <span class='ocrx_word' id='word_1_168' title='bbox 304 3115 339 3168; x_wconf 91' lang='lat' dir='ltr'><strong>ut</strong></span> <span class='ocrx_word' id='word_1_169' title='bbox 360 3123 430 3166; x_wconf 90' lang='lat' dir='ltr'><strong>cum</strong></span> <span class='ocrx_word' id='word_1_170' title='bbox 454 3105 627 3168; x_wconf 80' lang='lat' dir='ltr'><strong>exercitum</strong></span> <span class='ocrx_word' id='word_1_171' title='bbox 650 3105 816 3186; x_wconf 82' lang='lat' dir='ltr'><strong>contigerit</strong></span> <span class='ocrx_word' id='word_1_172' title='bbox 834 3123 892 3166; x_wconf 88' lang='lat' dir='ltr'><strong>nos</strong></span> <span class='ocrx_word' id='word_1_173' title='bbox 911 3103 1048 3180; x_wconf 86' lang='lat' dir='ltr'><strong>habere,</strong></span> <span class='ocrx_word' id='word_1_174' title='bbox 1068 3105 1100 3168; x_wconf 88' lang='lat' dir='ltr'><strong>in</strong></span> <span class='ocrx_word' id='word_1_175' title='bbox 1118 3125 1182 3171; x_wconf 87' lang='lat' dir='ltr'><strong>unc</strong></span> 
     </span>
     <span class='ocr_line' id='line_1_26' title="bbox 149 3213 1183 3298; baseline 0.003 -20"><span class='ocrx_word' id='word_1_176' title='bbox 149 3216 261 3278; x_wconf 88' lang='lat' dir='ltr'><strong>ordine</strong></span> <span class='ocrx_word' id='word_1_177' title='bbox 286 3235 357 3279; x_wconf 91' lang='lat' dir='ltr'><strong>cum</strong></span> <span class='ocrx_word' id='word_1_178' title='bbox 378 3213 553 3296; x_wconf 86' lang='lat' dir='ltr'><strong>hospitibus</strong></span> <span class='ocrx_word' id='word_1_179' title='bbox 576 3215 615 3278; x_wconf 92' lang='lat' dir='ltr'><strong>de</strong></span> <span class='ocrx_word' id='word_1_180' title='bbox 636 3215 808 3298; x_wconf 78' lang='lat' dir='ltr'><strong>Korponya</strong></span> <span class='ocrx_word' id='word_1_181' title='bbox 828 3215 876 3277; x_wconf 89' lang='lat' dir='ltr'><strong>ius</strong></span> <span class='ocrx_word' id='word_1_182' title='bbox 894 3215 1033 3278; x_wconf 87' lang='lat' dir='ltr'><strong>habeant</strong></span> <span class='ocrx_word' id='word_1_183' title='bbox 1050 3217 1183 3280; x_wconf 86' lang='lat' dir='ltr'><strong>descen·</strong></span> 
     </span>
     <span class='ocr_line' id='line_1_27' title="bbox 151 3326 258 3390; baseline -0.028 0"><span class='ocrx_word' id='word_1_184' title='bbox 151 3326 258 3390; x_wconf 78' lang='lat' dir='ltr'><strong>dandi</strong></span> 
     </span>
    </p>

    <p class='ocr_par' dir='ltr' id='par_1_9' title="bbox 148 3435 1186 3964">
     <span class='ocr_line' id='line_1_28' title="bbox 170 3435 1185 3518; baseline 0.006 -22"><span class='ocrx_word' id='word_1_185' title='bbox 170 3493 172 3496; x_wconf 84' lang='lat'>.</span> <span class='ocrx_word' id='word_1_186' title='bbox 236 3438 296 3512; x_wconf 79' lang='grc'><strong>(9)</strong></span> <span class='ocrx_word' id='word_1_187' title='bbox 317 3437 383 3498; x_wconf 88' lang='lat' dir='ltr'><strong>Nec</strong></span> <span class='ocrx_word' id='word_1_188' title='bbox 395 3436 456 3501; x_wconf 87' lang='lat' dir='ltr'><strong>hoc</strong></span> <span class='ocrx_word' id='word_1_189' title='bbox 472 3435 701 3518; x_wconf 85' lang='lat' dir='ltr'><strong>pretermittere</strong></span> <span class='ocrx_word' id='word_1_190' title='bbox 722 3443 829 3500; x_wconf 87' lang='lat' dir='ltr'><strong>nostra</strong></span> <span class='ocrx_word' id='word_1_191' title='bbox 844 3436 944 3501; x_wconf 93' lang='lat' dir='ltr'><strong>uoluit</strong></span> <span class='ocrx_word' id='word_1_192' title='bbox 958 3437 1129 3512; x_wconf 88' lang='lat' dir='ltr'><strong>celsitudo,</strong></span> <span class='ocrx_word' id='word_1_193' title='bbox 1149 3443 1185 3502; x_wconf 89' lang='lat' dir='ltr'><strong>ut</strong></span> 
     </span>
     <span class='ocr_line' id='line_1_29' title="bbox 148 3547 1184 3629; baseline 0.002 -17"><span class='ocrx_word' id='word_1_194' title='bbox 148 3558 266 3614; x_wconf 87' lang='lat' dir='ltr'><strong>terram</strong></span> <span class='ocrx_word' id='word_1_195' title='bbox 290 3568 361 3615; x_wconf 84' lang='lat' dir='ltr'><strong>curn</strong></span> <span class='ocrx_word' id='word_1_196' title='bbox 383 3549 504 3612; x_wconf 89' lang='lat' dir='ltr'><strong>eisdem</strong></span> <span class='ocrx_word' id='word_1_197' title='bbox 527 3549 620 3614; x_wconf 84' lang='lat' dir='ltr'><strong>metis</strong></span> <span class='ocrx_word' id='word_1_198' title='bbox 639 3555 670 3610; x_wconf 91' lang='lat' dir='ltr'><strong>et</strong></span> <span class='ocrx_word' id='word_1_199' title='bbox 692 3548 832 3613; x_wconf 85' lang='lat' dir='ltr'><strong>terminis</strong></span> <span class='ocrx_word' id='word_1_200' title='bbox 847 3547 1030 3629; x_wconf 85' lang='lat' dir='ltr'><strong>possideant</strong></span> <span class='ocrx_word' id='word_1_201' title='bbox 1049 3549 1082 3610; x_wconf 92' lang='lat' dir='ltr'><strong>in</strong></span> <span class='ocrx_word' id='word_1_202' title='bbox 1099 3548 1184 3614; x_wconf 86' lang='lat' dir='ltr'><strong>iutu-</strong></span> 
     </span>
     <span class='ocr_line' id='line_1_30' title="bbox 149 3657 1186 3742; baseline 0 -20"><span class='ocrx_word' id='word_1_203' title='bbox 149 3679 239 3732; x_wconf 90' lang='lat' dir='ltr'><strong>rum,</strong></span> <span class='ocrx_word' id='word_1_204' title='bbox 259 3658 372 3742; x_wconf 90' lang='lat' dir='ltr'><strong>quibus</strong></span> <span class='ocrx_word' id='word_1_205' title='bbox 394 3659 573 3739; x_wconf 87' lang='lat' dir='ltr'><strong>possedisse</strong></span> <span class='ocrx_word' id='word_1_206' title='bbox 595 3657 725 3739; x_wconf 78' lang='lat' dir='ltr'><strong>pacifice</strong></span> <span class='ocrx_word' id='word_1_207' title='bbox 746 3678 764 3720; x_wconf 89' lang='lat' dir='ltr'><strong>a</strong></span> <span class='ocrx_word' id='word_1_208' title='bbox 785 3659 879 3740; x_wconf 83' lang='lat' dir='ltr'><strong>longo</strong></span> <span class='ocrx_word' id='word_1_209' title='bbox 901 3666 1042 3739; x_wconf 83' lang='lat' dir='ltr'><strong>tempore</strong></span> <span class='ocrx_word' id='word_1_210' title='bbox 1058 3657 1186 3741; x_wconf 72' lang='lat' dir='ltr'><strong>dignos·</strong></span> 
     </span>
     <span class='ocr_line' id='line_1_31' title="bbox 151 3768 1186 3852; baseline 0.002 -18"><span class='ocrx_word' id='word_1_211' title='bbox 151 3777 277 3843; x_wconf 83' lang='lat' dir='ltr'><strong>cuntur,</strong></span> <span class='ocrx_word' id='word_1_212' title='bbox 297 3777 327 3832; x_wconf 88' lang='lat' dir='ltr'><strong>et</strong></span> <span class='ocrx_word' id='word_1_213' title='bbox 341 3769 423 3832; x_wconf 86' lang='lat' dir='ltr'><strong>inira</strong></span> <span class='ocrx_word' id='word_1_214' title='bbox 438 3770 567 3838; x_wconf 85' lang='lat' dir='ltr'><strong>eosdem</strong></span> <span class='ocrx_word' id='word_1_215' title='bbox 585 3769 736 3834; x_wconf 85' lang='lat' dir='ltr'><strong>terminos</strong></span> <span class='ocrx_word' id='word_1_216' title='bbox 757 3768 843 3852; x_wconf 78' lang='lat' dir='ltr'><strong>ligna</strong></span> <span class='ocrx_word' id='word_1_217' title='bbox 858 3769 1048 3838; x_wconf 82' lang='lat' dir='ltr'><strong>excludendi</strong></span> <span class='ocrx_word' id='word_1_218' title='bbox 1062 3778 1095 3833; x_wconf 89' lang='lat' dir='ltr'><strong>et</strong></span> <span class='ocrx_word' id='word_1_219' title='bbox 1106 3769 1186 3852; x_wconf 85' lang='lat' dir='ltr'><strong>lapi-</strong></span> 
     </span>
     <span class='ocr_line' id='line_1_32' title="bbox 151 3879 758 3964; baseline -0.007 -18"><span class='ocrx_word' id='word_1_220' title='bbox 151 3882 209 3946; x_wconf 90' lang='lat' dir='ltr'><strong>des</strong></span> <span class='ocrx_word' id='word_1_221' title='bbox 226 3879 393 3964; x_wconf 78' lang='lat' dir='ltr'><strong>colligendi</strong></span> <span class='ocrx_word' id='word_1_222' title='bbox 406 3881 545 3944; x_wconf 87' lang='lat' dir='ltr'><strong>habeant</strong></span> <span class='ocrx_word' id='word_1_223' title='bbox 559 3887 758 3962; x_wconf 83' lang='lat' dir='ltr'><strong>potestatem.</strong></span> 
     </span>
    </p>

    <p class='ocr_par' dir='ltr' id='par_1_10' title="bbox 151 3977 1186 4305">
     <span class='ocr_line' id='line_1_33' title="bbox 167 3977 1185 4075; baseline 0.006 -21"><span class='ocrx_word' id='word_1_224' title='bbox 167 4059 171 4064; x_wconf 70' lang='grc'>,</span> <span class='ocrx_word' id='word_1_225' title='bbox 235 3992 274 4056; x_wconf 91' lang='lat' dir='ltr'><strong>Ut</strong></span> <span class='ocrx_word' id='word_1_226' title='bbox 290 3991 384 4075; x_wconf 80' lang='lat' dir='ltr'><strong>igitur</strong></span> <span class='ocrx_word' id='word_1_227' title='bbox 402 3991 463 4056; x_wconf 89' lang='lat' dir='ltr'><strong>hec</strong></span> <span class='ocrx_word' id='word_1_228' title='bbox 484 3977 601 4057; x_wconf 82' lang='lat' dir='ltr'><strong>nostre¹</strong></span> <span class='ocrx_word' id='word_1_229' title='bbox 616 3991 829 4058; x_wconf 87' lang='lat' dir='ltr'><strong>concessionis</strong></span> <span class='ocrx_word' id='word_1_230' title='bbox 858 3991 1025 4064; x_wconf 69' lang='lat' dir='ltr'><strong>aduocato</strong></span> <span class='ocrx_word' id='word_1_231' title='bbox 1044 3992 1185 4061; x_wconf 78' lang='lat' dir='ltr'><strong>seriatim</strong></span> 
     </span>
     <span class='ocr_line' id='line_1_34' title="bbox 151 4102 1185 4188; baseline 0.002 -20"><span class='ocrx_word' id='word_1_232' title='bbox 151 4106 253 4171; x_wconf 88' lang='lat' dir='ltr'><strong>robur</strong></span> <span class='ocrx_word' id='word_1_233' title='bbox 271 4105 411 4184; x_wconf 84' lang='lat' dir='ltr'><strong>obtineat</strong></span> <span class='ocrx_word' id='word_1_234' title='bbox 430 4112 584 4188; x_wconf 71' lang='lat' dir='ltr'><strong>perpetue</strong></span> <span class='ocrx_word' id='word_1_235' title='bbox 605 4102 777 4179; x_wconf 80' lang='lat' dir='ltr'><strong>firmitatis,</strong></span> <span class='ocrx_word' id='word_1_236' title='bbox 807 4121 867 4176; x_wconf 83' lang='lat' dir='ltr'><strong>uec</strong></span> <span class='ocrx_word' id='word_1_237' title='bbox 886 4123 945 4188; x_wconf 88' lang='lat' dir='ltr'><strong>per</strong></span> <span class='ocrx_word' id='word_1_238' title='bbox 964 4105 1100 4188; x_wconf 82' lang='lat' dir='ltr'><strong>aliquem</strong></span> <span class='ocrx_word' id='word_1_239' title='bbox 1119 4104 1185 4170; x_wconf 83' lang='lat' dir='ltr'><strong>ullu</strong></span> 
     </span>
     <span class='ocr_line' id='line_1_35' title="bbox 153 4215 1186 4305; baseline 0 -21"><span class='ocrx_word' id='word_1_240' title='bbox 153 4235 295 4304; x_wconf 86' lang='lat' dir='ltr'><strong>unquam</strong></span> <span class='ocrx_word' id='word_1_241' title='bbox 306 4222 452 4304; x_wconf 84' lang='lat' dir='ltr'><strong>tempora</strong></span> <span class='ocrx_word' id='word_1_242' title='bbox 466 4215 572 4283; x_wconf 87' lang='lat' dir='ltr'><strong>ualeat</strong></span> <span class='ocrx_word' id='word_1_243' title='bbox 585 4215 777 4305; x_wconf 75' lang='lat' dir='ltr'><strong>impugnari,</strong></span> <span class='ocrx_word' id='word_1_244' title='bbox 795 4216 839 4287; x_wconf 80' lang='lat' dir='ltr'><strong>sd</strong></span> <span class='ocrx_word' id='word_1_245' title='bbox 852 4223 993 4286; x_wconf 63' lang='lat' dir='ltr'><strong>curnam</strong></span> <span class='ocrx_word' id='word_1_246' title='bbox 1006 4216 1054 4284; x_wconf 87' lang='lat' dir='ltr'><strong>rei</strong></span> <span class='ocrx_word' id='word_1_247' title='bbox 1066 4233 1186 4284; x_wconf 73' lang='lat' dir='ltr'><strong>memo·</strong></span> 
     </span>
    </p>
   </div>
   <div class='ocr_carea' id='block_1_3' title="bbox 0 0 1471 4754">
    <p class='ocr_par' dir='ltr' id='par_1_11' title="bbox 0 0 1471 4754">
     <span class='ocr_line' id='line_1_36' title="bbox 0 0 1471 4754; baseline 0 0"><span class='ocrx_word' id='word_1_248' title='bbox 0 0 1471 4754; x_wconf 95' lang='lat' dir='ltr'><strong> </strong></span> 
     </span>
    </p>
   </div>
  </div>
 </body>
</html>
